<?xml version="1.0" encoding="UTF-8"?>
<!DOCTYPE html PUBLIC "-//W3C//DTD XHTML 1.0 Transitional//EN"
    "http://www.w3.org/TR/xhtml1/DTD/xhtml1-transitional.dtd">
<html xmlns="http://www.w3.org/1999/xhtml" xml:lang="en" lang="en">
 <head>
  <title>
</title>
<meta http-equiv="Content-Type" content="text/html;charset=utf-8" />
  <meta name='ocr-system' content='tesseract 3.04.00' />
  <meta name='ocr-capabilities' content='ocr_page ocr_carea ocr_par ocr_line ocrx_word'/>
</head>
<body>
  <div class='ocr_page' id='page_1' title='image "./miscellaneabiog02raingoog_0088.png"; bbox 0 0 3142 5159; ppageno 0'>
   <div class='ocr_carea' id='block_1_1' title="bbox 594 481 994 537">
    <p class='ocr_par' dir='ltr' id='par_1_1' title="bbox 594 481 994 537">
     <span class='ocr_line' id='line_1_1' title="bbox 594 481 994 537; baseline -0.005 -2"><span class='ocrx_word' id='word_1_1' title='bbox 594 482 785 537; x_wconf 82' lang='lat' dir='ltr'>LIBELLUS</span> <span class='ocrx_word' id='word_1_2' title='bbox 812 482 864 535; x_wconf 77' lang='lat' dir='ltr'>DE</span> <span class='ocrx_word' id='word_1_3' title='bbox 891 481 994 535; x_wconf 84' lang='lat' dir='ltr'>ORTU</span> 
     </span>
    </p>
   </div>
   <div class='ocr_carea' id='block_1_2' title="bbox 681 944 901 1027">
    <p class='ocr_par' dir='ltr' id='par_1_2' title="bbox 681 944 901 1027">
     <span class='ocr_line' id='line_1_2' title="bbox 681 944 901 1027; baseline 0.045 -17"><span class='ocrx_word' id='word_1_4' title='bbox 681 945 799 1027; x_wconf 75' lang='lat' dir='ltr'><em>[CAP.</em></span> <span class='ocrx_word' id='word_1_5' title='bbox 827 944 901 1020; x_wconf 74' lang='lat' dir='ltr'>Vt]</span> 
     </span>
    </p>
   </div>
   <div class='ocr_carea' id='block_1_3' title="bbox 170 1191 1387 4538">
    <p class='ocr_par' dir='ltr' id='par_1_3' title="bbox 170 1191 1387 4538">
     <span class='ocr_line' id='line_1_3' title="bbox 265 1191 1374 1282; baseline -0.008 -18"><span class='ocrx_word' id='word_1_6' title='bbox 265 1196 388 1275; x_wconf 88' lang='lat' dir='ltr'>Puella,</span> <span class='ocrx_word' id='word_1_7' title='bbox 427 1196 534 1282; x_wconf 90' lang='lat' dir='ltr'>igitur,</span> <span class='ocrx_word' id='word_1_8' title='bbox 574 1196 811 1282; x_wconf 82' lang='lat' dir='ltr'>impregnatam</span> <span class='ocrx_word' id='word_1_9' title='bbox 842 1217 876 1259; x_wconf 91' lang='lat' dir='ltr'>se</span> <span class='ocrx_word' id='word_1_10' title='bbox 914 1194 1064 1273; x_wconf 79' lang='lat' dir='ltr'>sentienS,</span> <span class='ocrx_word' id='word_1_11' title='bbox 1100 1191 1242 1281; x_wconf 88' lang='lat' dir='ltr'>querulis</span> <span class='ocrx_word' id='word_1_12' title='bbox 1274 1192 1374 1276; x_wconf 88' lang='lat' dir='ltr'>coepit</span> 
     </span>
     <span class='ocr_line' id='line_1_4' title="bbox 219 1280 1375 1372; baseline -0.008 -20"><span class='ocrx_word' id='word_1_13' title='bbox 219 1287 351 1352; x_wconf 90' lang='lat' dir='ltr'>vocibus</span> <span class='ocrx_word' id='word_1_14' title='bbox 368 1284 532 1372; x_wconf 86' lang='lat' dir='ltr'>conqueri,</span> <span class='ocrx_word' id='word_1_15' title='bbox 544 1298 578 1348; x_wconf 89' lang='lat' dir='ltr'>et</span> <span class='ocrx_word' id='word_1_16' title='bbox 589 1282 808 1369; x_wconf 90' lang='lat' dir='ltr'>corrupcionis</span> <span class='ocrx_word' id='word_1_17' title='bbox 824 1282 1037 1367; x_wconf 89' lang='lat' dir='ltr'>obprobrium</span> <span class='ocrx_word' id='word_1_18' title='bbox 1053 1280 1169 1367; x_wconf 86' lang='lat' dir='ltr'>saepius</span> <span class='ocrx_word' id='word_1_19' title='bbox 1185 1280 1375 1344; x_wconf 88' lang='lat' dir='ltr'>contristata</span> 
     </span>
     <span class='ocr_line' id='line_1_5' title="bbox 220 1367 1374 1457; baseline -0.007 -18"><span class='ocrx_word' id='word_1_20' title='bbox 220 1372 441 1440; x_wconf 86' lang='lat' dir='ltr'>collacrimari.</span> <span class='ocrx_word' id='word_1_21' title='bbox 491 1372 593 1456; x_wconf 89' lang='lat' dir='ltr'>Cujus</span> <span class='ocrx_word' id='word_1_22' title='bbox 620 1371 803 1435; x_wconf 85' lang='lat' dir='ltr'>lacrimosas</span> <span class='ocrx_word' id='word_1_23' title='bbox 823 1370 897 1435; x_wconf 86' lang='lat' dir='ltr'>Rex</span> <span class='ocrx_word' id='word_1_24' title='bbox 919 1370 1064 1457; x_wconf 88' lang='lat' dir='ltr'>querelas</span> <span class='ocrx_word' id='word_1_25' title='bbox 1080 1367 1200 1433; x_wconf 88' lang='lat' dir='ltr'>diutius</span> <span class='ocrx_word' id='word_1_26' title='bbox 1217 1367 1374 1432; x_wconf 88' lang='lat' dir='ltr'>sustinere</span> 
     </span>
     <span class='ocr_line' id='line_1_6' title="bbox 170 1456 1375 1560; baseline -0.007 -33"><span class='ocrx_word' id='word_1_27' title='bbox 170 1485 181 1501; x_wconf 56' lang='lat' dir='ltr'><strong><em>f</em></strong></span> <span class='ocrx_word' id='word_1_28' title='bbox 218 1485 286 1526; x_wconf 93' lang='lat' dir='ltr'>non</span> <span class='ocrx_word' id='word_1_29' title='bbox 301 1460 419 1547; x_wconf 87' lang='lat' dir='ltr'>potuit,</span> <span class='ocrx_word' id='word_1_30' title='bbox 445 1459 521 1560; x_wconf 89' lang='lat' dir='ltr'>quia</span> <span class='ocrx_word' id='word_1_31' title='bbox 547 1457 616 1543; x_wconf 91' lang='lat' dir='ltr'>ipsa</span> <span class='ocrx_word' id='word_1_32' title='bbox 639 1460 710 1543; x_wconf 88' lang='lat' dir='ltr'>jam</span> <span class='ocrx_word' id='word_1_33' title='bbox 737 1473 862 1525; x_wconf 86' lang='lat' dir='ltr'>naturae</span> <span class='ocrx_word' id='word_1_34' title='bbox 893 1460 1073 1544; x_wconf 84' lang='lat' dir='ltr'>compassio</span> <span class='ocrx_word' id='word_1_35' title='bbox 1097 1456 1213 1521; x_wconf 87' lang='lat' dir='ltr'>erroris</span> <span class='ocrx_word' id='word_1_36' title='bbox 1241 1456 1375 1520; x_wconf 87' lang='lat' dir='ltr'>delicias</span> 
     </span>
     <span class='ocr_line' id='line_1_7' title="bbox 220 1542 1374 1635; baseline -0.007 -21"><span class='ocrx_word' id='word_1_37' title='bbox 220 1548 469 1635; x_wconf 84' lang='lat' dir='ltr'>complangendt</span> <span class='ocrx_word' id='word_1_38' title='bbox 492 1545 654 1635; x_wconf 89' lang='lat' dir='ltr'>angustias</span> <span class='ocrx_word' id='word_1_39' title='bbox 671 1546 876 1631; x_wconf 87' lang='lat' dir='ltr'>permutvait.</span> <span class='ocrx_word' id='word_1_40' title='bbox 914 1547 989 1611; x_wconf 85' lang='lat' dir='ltr'>Rex</span> <span class='ocrx_word' id='word_1_41' title='bbox 1005 1568 1081 1610; x_wconf 92' lang='lat' dir='ltr'>vero</span> <span class='ocrx_word' id='word_1_42' title='bbox 1096 1544 1241 1611; x_wconf 91' lang='lat' dir='ltr'>cominus</span> <span class='ocrx_word' id='word_1_43' title='bbox 1258 1542 1374 1631; x_wconf 90' lang='lat' dir='ltr'>virgini</span> 
     </span>
     <span class='ocr_line' id='line_1_8' title="bbox 220 1631 1377 1725; baseline -0.006 -24"><span class='ocrx_word' id='word_1_44' title='bbox 220 1660 253 1701; x_wconf 89' lang='lat' dir='ltr'>se</span> <span class='ocrx_word' id='word_1_45' title='bbox 277 1634 452 1725; x_wconf 87' lang='lat' dir='ltr'>conjungit,</span> <span class='ocrx_word' id='word_1_46' title='bbox 478 1648 510 1700; x_wconf 92' lang='lat' dir='ltr'>et</span> <span class='ocrx_word' id='word_1_47' title='bbox 527 1633 631 1699; x_wconf 91' lang='lat' dir='ltr'>verbis</span> <span class='ocrx_word' id='word_1_48' title='bbox 648 1635 771 1699; x_wconf 92' lang='lat' dir='ltr'>dulcius</span> <span class='ocrx_word' id='word_1_49' title='bbox 796 1634 980 1720; x_wconf 85' lang='lat' dir='ltr'>temperatis</span> <span class='ocrx_word' id='word_1_50' title='bbox 1008 1656 1081 1699; x_wconf 89' lang='lat' dir='ltr'>eam</span> <span class='ocrx_word' id='word_1_51' title='bbox 1107 1631 1285 1717; x_wconf 89' lang='lat' dir='ltr'>mitigando</span> <span class='ocrx_word' id='word_1_52' title='bbox 1301 1653 1377 1716; x_wconf 91' lang='lat' dir='ltr'>per·</span> 
     </span>
     <span class='ocr_line' id='line_1_9' title="bbox 220 1718 1377 1810; baseline -0.006 -21"><span class='ocrx_word' id='word_1_53' title='bbox 220 1724 322 1809; x_wconf 86' lang='lat' dir='ltr'>ungit.</span> <span class='ocrx_word' id='word_1_54' title='bbox 372 1733 392 1766; x_wconf 90' lang='lat'><strong>“</strong></span> <span class='ocrx_word' id='word_1_55' title='bbox 410 1723 517 1801; x_wconf 90' lang='lat' dir='ltr'>Absit,</span> <span class='ocrx_word' id='word_1_56' title='bbox 543 1724 673 1809; x_wconf 92' lang='lat' dir='ltr'>inquam</span> <span class='ocrx_word' id='word_1_57' title='bbox 709 1722 868 1810; x_wconf 62' lang='lat' dir='ltr'>[linquit]</span> <span class='ocrx_word' id='word_1_58' title='bbox 903 1722 979 1800; x_wconf 88' lang='lat' dir='ltr'>filia,</span> <span class='ocrx_word' id='word_1_59' title='bbox 1005 1736 1041 1786; x_wconf 91' lang='lat' dir='ltr'>ut</span> <span class='ocrx_word' id='word_1_60' title='bbox 1065 1722 1146 1787; x_wconf 90' lang='lat' dir='ltr'>tanti</span> <span class='ocrx_word' id='word_1_61' title='bbox 1161 1718 1288 1785; x_wconf 89' lang='lat' dir='ltr'>decoris</span> <span class='ocrx_word' id='word_1_62' title='bbox 1303 1718 1377 1805; x_wconf 91' lang='lat' dir='ltr'>pul-</span> 
     </span>
     <span class='ocr_line' id='line_1_10' title="bbox 220 1807 1377 1899; baseline -0.006 -22"><span class='ocrx_word' id='word_1_63' title='bbox 220 1811 434 1877; x_wconf 88' lang='lat' dir='ltr'>chritudinem</span> <span class='ocrx_word' id='word_1_64' title='bbox 450 1809 650 1899; x_wconf 85' lang='lat' dir='ltr'>negligencia</span> <span class='ocrx_word' id='word_1_65' title='bbox 666 1834 738 1876; x_wconf 87' lang='lat' dir='ltr'>mea</span> <span class='ocrx_word' id='word_1_66' title='bbox 753 1810 880 1876; x_wconf 91' lang='lat' dir='ltr'>devolvi</span> <span class='ocrx_word' id='word_1_67' title='bbox 893 1812 1002 1894; x_wconf 87' lang='lat' dir='ltr'>paciar</span> <span class='ocrx_word' id='word_1_68' title='bbox 1016 1832 1075 1895; x_wconf 90' lang='lat' dir='ltr'>per</span> <span class='ocrx_word' id='word_1_69' title='bbox 1089 1807 1273 1895; x_wconf 70' lang='lat' dir='ltr'>ignominiae</span> <span class='ocrx_word' id='word_1_70' title='bbox 1284 1819 1377 1892; x_wconf 92' lang='lat' dir='ltr'>tepo-</span> 
     </span>
     <span class='ocr_line' id='line_1_11' title="bbox 220 1896 1379 1988; baseline -0.006 -24"><span class='ocrx_word' id='word_1_71' title='bbox 220 1922 299 1965; x_wconf 87' lang='lat' dir='ltr'>rem.</span> <span class='ocrx_word' id='word_1_72' title='bbox 347 1899 424 1964; x_wconf 88' lang='lat' dir='ltr'>Tibi</span> <span class='ocrx_word' id='word_1_73' title='bbox 446 1922 525 1988; x_wconf 90' lang='lat' dir='ltr'>ergo</span> <span class='ocrx_word' id='word_1_74' title='bbox 540 1921 601 1964; x_wconf 90' lang='lat' dir='ltr'>nec</span> <span class='ocrx_word' id='word_1_75' title='bbox 617 1922 676 1985; x_wconf 89' lang='lat' dir='ltr'>pro</span> <span class='ocrx_word' id='word_1_76' title='bbox 699 1900 762 1964; x_wconf 91' lang='lat' dir='ltr'>hoc</span> <span class='ocrx_word' id='word_1_77' title='bbox 785 1897 954 1963; x_wconf 91' lang='lat' dir='ltr'>commisso</span> <span class='ocrx_word' id='word_1_78' title='bbox 978 1898 1144 1962; x_wconf 90' lang='lat' dir='ltr'>insultabit</span> <span class='ocrx_word' id='word_1_79' title='bbox 1166 1896 1304 1961; x_wconf 88' lang='lat' dir='ltr'>famulus</span> <span class='ocrx_word' id='word_1_80' title='bbox 1320 1907 1379 1959; x_wconf 91' lang='lat' dir='ltr'>aut</span> 
     </span>
     <span class='ocr_line' id='line_1_12' title="bbox 222 1984 1377 2076; baseline -0.004 -22"><span class='ocrx_word' id='word_1_81' title='bbox 222 1989 356 2065; x_wconf 89' lang='lat' dir='ltr'>aucilla;</span> <span class='ocrx_word' id='word_1_82' title='bbox 380 1986 454 2076; x_wconf 92' lang='lat' dir='ltr'>quia</span> <span class='ocrx_word' id='word_1_83' title='bbox 477 1986 524 2051; x_wconf 90' lang='lat' dir='ltr'>tui</span> <span class='ocrx_word' id='word_1_84' title='bbox 541 1986 703 2073; x_wconf 83' lang='lat' dir='ltr'>presentia</span> <span class='ocrx_word' id='word_1_85' title='bbox 718 2010 737 2051; x_wconf 88' lang='lat' dir='ltr'>a</span> <span class='ocrx_word' id='word_1_86' title='bbox 752 1986 915 2051; x_wconf 92' lang='lat' dir='ltr'>communi</span> <span class='ocrx_word' id='word_1_87' title='bbox 933 1986 976 2051; x_wconf 92' lang='lat' dir='ltr'>ita</span> <span class='ocrx_word' id='word_1_88' title='bbox 990 1986 1206 2052; x_wconf 89' lang='lat' dir='ltr'>semovebitur</span> <span class='ocrx_word' id='word_1_89' title='bbox 1221 1984 1377 2049; x_wconf 89' lang='lat' dir='ltr'>clientum</span> 
     </span>
     <span class='ocr_line' id='line_1_13' title="bbox 221 2073 1378 2162; baseline -0.005 -20"><span class='ocrx_word' id='word_1_90' title='bbox 221 2075 370 2142; x_wconf 87' lang='lat' dir='ltr'>absencia</span> <span class='ocrx_word' id='word_1_91' title='bbox 385 2075 473 2162; x_wconf 94' lang='lat' dir='ltr'>quod</span> <span class='ocrx_word' id='word_1_92' title='bbox 495 2098 601 2162; x_wconf 91' lang='lat' dir='ltr'>neque</span> <span class='ocrx_word' id='word_1_93' title='bbox 617 2097 732 2140; x_wconf 90' lang='lat' dir='ltr'>vocum</span> <span class='ocrx_word' id='word_1_94' title='bbox 759 2074 870 2139; x_wconf 86' lang='lat' dir='ltr'>audies</span> <span class='ocrx_word' id='word_1_95' title='bbox 886 2074 1080 2160; x_wconf 90' lang='lat' dir='ltr'>improperia</span> <span class='ocrx_word' id='word_1_96' title='bbox 1094 2075 1146 2139; x_wconf 92' lang='lat' dir='ltr'>vel</span> <span class='ocrx_word' id='word_1_97' title='bbox 1157 2073 1378 2138; x_wconf 89' lang='lat' dir='ltr'>chachinnan-</span> 
     </span>
     <span class='ocr_line' id='line_1_14' title="bbox 222 2162 1374 2250; baseline -0.003 -22"><span class='ocrx_word' id='word_1_98' title='bbox 222 2178 291 2229; x_wconf 90' lang='lat' dir='ltr'>tum</span> <span class='ocrx_word' id='word_1_99' title='bbox 307 2162 442 2227; x_wconf 90' lang='lat' dir='ltr'>stridula</span> <span class='ocrx_word' id='word_1_100' title='bbox 458 2162 676 2230; x_wconf 87' lang='lat' dir='ltr'>deliramenta.</span> <span class='ocrx_word' id='word_1_101' title='bbox 723 2162 825 2227; x_wconf 90' lang='lat' dir='ltr'>Alvus</span> <span class='ocrx_word' id='word_1_102' title='bbox 842 2162 909 2240; x_wconf 88' lang='lat' dir='ltr'>tibi,</span> <span class='ocrx_word' id='word_1_103' title='bbox 926 2162 952 2225; x_wconf 93' lang='lat' dir='ltr'>si</span> <span class='ocrx_word' id='word_1_104' title='bbox 968 2162 1161 2250; x_wconf 90' lang='lat' dir='ltr'>quandoque</span> <span class='ocrx_word' id='word_1_105' title='bbox 1176 2162 1374 2239; x_wconf 84' lang='lat' dir='ltr'>intumuerit,</span> 
     </span>
     <span class='ocr_line' id='line_1_15' title="bbox 221 2249 1378 2337; baseline -0.003 -22"><span class='ocrx_word' id='word_1_106' title='bbox 221 2249 425 2315; x_wconf 89' lang='lat' dir='ltr'>insultacioni</span> <span class='ocrx_word' id='word_1_107' title='bbox 441 2263 475 2314; x_wconf 93' lang='lat' dir='ltr'>et</span> <span class='ocrx_word' id='word_1_108' title='bbox 499 2250 674 2334; x_wconf 91' lang='lat' dir='ltr'>obprobrio</span> <span class='ocrx_word' id='word_1_109' title='bbox 697 2273 849 2316; x_wconf 90' lang='lat' dir='ltr'>essenon</span> <span class='ocrx_word' id='word_1_110' title='bbox 872 2250 1002 2336; x_wconf 91' lang='lat' dir='ltr'>poterit,</span> <span class='ocrx_word' id='word_1_111' title='bbox 1021 2273 1061 2316; x_wconf 91' lang='lat' dir='ltr'>eo</span> <span class='ocrx_word' id='word_1_112' title='bbox 1089 2251 1178 2337; x_wconf 91' lang='lat' dir='ltr'>quod</span> <span class='ocrx_word' id='word_1_113' title='bbox 1201 2250 1284 2335; x_wconf 90' lang='lat' dir='ltr'>regis</span> <span class='ocrx_word' id='word_1_114' title='bbox 1309 2249 1378 2313; x_wconf 90' lang='lat' dir='ltr'>filia</span> 
     </span>
     <span class='ocr_line' id='line_1_16' title="bbox 222 2336 1376 2422; baseline -0.003 -19"><span class='ocrx_word' id='word_1_115' title='bbox 222 2339 317 2403; x_wconf 92' lang='lat' dir='ltr'>unica</span> <span class='ocrx_word' id='word_1_116' title='bbox 333 2336 426 2401; x_wconf 92' lang='lat' dir='ltr'>unius</span> <span class='ocrx_word' id='word_1_117' title='bbox 443 2337 527 2422; x_wconf 89' lang='lat' dir='ltr'>regis</span> <span class='ocrx_word' id='word_1_118' title='bbox 551 2339 645 2402; x_wconf 91' lang='lat' dir='ltr'>unica</span> <span class='ocrx_word' id='word_1_119' title='bbox 675 2338 760 2403; x_wconf 89' lang='lat' dir='ltr'>facta</span> <span class='ocrx_word' id='word_1_120' title='bbox 783 2338 824 2401; x_wconf 92' lang='lat' dir='ltr'>sis</span> <span class='ocrx_word' id='word_1_121' title='bbox 847 2338 972 2403; x_wconf 86' lang='lat' dir='ltr'>ancilla.</span> <span class='ocrx_word' id='word_1_122' title='bbox 1029 2339 1072 2403; x_wconf 87' lang='lat' dir='ltr'>Et</span> <span class='ocrx_word' id='word_1_123' title='bbox 1104 2339 1130 2402; x_wconf 92' lang='lat' dir='ltr'>si</span> <span class='ocrx_word' id='word_1_124' title='bbox 1151 2362 1246 2402; x_wconf 89' lang='lat' dir='ltr'>sexus</span> <span class='ocrx_word' id='word_1_125' title='bbox 1278 2338 1376 2401; x_wconf 90' lang='lat' dir='ltr'>virilis</span> 
     </span>
     <span class='ocr_line' id='line_1_17' title="bbox 222 2424 1377 2514; baseline -0.002 -23"><span class='ocrx_word' id='word_1_126' title='bbox 222 2439 333 2513; x_wconf 89' lang='lat' dir='ltr'>partus</span> <span class='ocrx_word' id='word_1_127' title='bbox 350 2427 398 2490; x_wconf 92' lang='lat' dir='ltr'>tui</span> <span class='ocrx_word' id='word_1_128' title='bbox 413 2426 570 2490; x_wconf 88' lang='lat' dir='ltr'>levamina</span> <span class='ocrx_word' id='word_1_129' title='bbox 582 2427 804 2514; x_wconf 87' lang='lat' dir='ltr'>subsequatur,</span> <span class='ocrx_word' id='word_1_130' title='bbox 818 2426 935 2489; x_wconf 84' lang='lat' dir='ltr'>divinae</span> <span class='ocrx_word' id='word_1_131' title='bbox 951 2427 1050 2490; x_wconf 90' lang='lat' dir='ltr'>fuisse</span> <span class='ocrx_word' id='word_1_132' title='bbox 1066 2427 1191 2491; x_wconf 92' lang='lat' dir='ltr'>virtutis</span> <span class='ocrx_word' id='word_1_133' title='bbox 1204 2424 1377 2510; x_wconf 92' lang='lat' dir='ltr'>disposicio</span> 
     </span>
     <span class='ocr_line' id='line_1_18' title="bbox 223 2513 1378 2602; baseline -0.002 -23"><span class='ocrx_word' id='word_1_134' title='bbox 223 2514 425 2580; x_wconf 55' lang='lat' dir='ltr'>dinoscetur*</span> <span class='ocrx_word' id='word_1_135' title='bbox 443 2513 609 2602; x_wconf 89' lang='lat' dir='ltr'>Siquidem</span> <span class='ocrx_word' id='word_1_136' title='bbox 625 2538 698 2579; x_wconf 93' lang='lat' dir='ltr'>cum</span> <span class='ocrx_word' id='word_1_137' title='bbox 714 2538 829 2579; x_wconf 91' lang='lat' dir='ltr'>sexum</span> <span class='ocrx_word' id='word_1_138' title='bbox 855 2514 978 2578; x_wconf 90' lang='lat' dir='ltr'>virilem</span> <span class='ocrx_word' id='word_1_139' title='bbox 993 2514 1149 2579; x_wconf 92' lang='lat' dir='ltr'>hacteuus</span> <span class='ocrx_word' id='word_1_140' title='bbox 1165 2513 1294 2578; x_wconf 90' lang='lat' dir='ltr'>aliunde</span> <span class='ocrx_word' id='word_1_141' title='bbox 1309 2536 1378 2577; x_wconf 94' lang='lat' dir='ltr'>non</span> 
     </span>
     <span class='ocr_line' id='line_1_19' title="bbox 222 2600 1379 2687; baseline -0.002 -19"><span class='ocrx_word' id='word_1_142' title='bbox 222 2603 379 2679; x_wconf 84' lang='lat' dir='ltr'>habuero,</span> <span class='ocrx_word' id='word_1_143' title='bbox 402 2600 436 2665; x_wconf 93' lang='lat' dir='ltr'>iu</span> <span class='ocrx_word' id='word_1_144' title='bbox 451 2602 514 2667; x_wconf 89' lang='lat' dir='ltr'>hoc</span> <span class='ocrx_word' id='word_1_145' title='bbox 530 2604 665 2687; x_wconf 89' lang='lat' dir='ltr'>puerulo</span> <span class='ocrx_word' id='word_1_146' title='bbox 677 2604 731 2667; x_wconf 90' lang='lat' dir='ltr'>diu</span> <span class='ocrx_word' id='word_1_147' title='bbox 745 2602 836 2668; x_wconf 89' lang='lat' dir='ltr'>dilati</span> <span class='ocrx_word' id='word_1_148' title='bbox 851 2602 929 2665; x_wconf 91' lang='lat' dir='ltr'>mihi</span> <span class='ocrx_word' id='word_1_149' title='bbox 944 2602 1082 2666; x_wconf 83' lang='lat' dir='ltr'>haeredis</span> <span class='ocrx_word' id='word_1_150' title='bbox 1097 2604 1208 2667; x_wconf 87' lang='lat' dir='ltr'>votiva</span> <span class='ocrx_word' id='word_1_151' title='bbox 1219 2600 1379 2666; x_wconf 88' lang='lat' dir='ltr'>desideria</span> 
     </span>
     <span class='ocr_line' id='line_1_20' title="bbox 225 2689 1378 2777; baseline -0.002 -22"><span class='ocrx_word' id='word_1_152' title='bbox 225 2690 453 2775; x_wconf 91' lang='lat' dir='ltr'>compensabo.</span> <span class='ocrx_word' id='word_1_153' title='bbox 503 2690 639 2777; x_wconf 86' lang='lat' dir='ltr'>Eritque</span> <span class='ocrx_word' id='word_1_154' title='bbox 654 2692 768 2755; x_wconf 88' lang='lat' dir='ltr'>merito</span> <span class='ocrx_word' id='word_1_155' title='bbox 782 2692 946 2777; x_wconf 89' lang='lat' dir='ltr'>utriusque</span> <span class='ocrx_word' id='word_1_156' title='bbox 968 2689 1157 2756; x_wconf 86' lang='lat' dir='ltr'>hereditatis</span> <span class='ocrx_word' id='word_1_157' title='bbox 1171 2703 1291 2754; x_wconf 88' lang='lat' dir='ltr'>nostrae</span> <span class='ocrx_word' id='word_1_158' title='bbox 1307 2713 1378 2753; x_wconf 92' lang='lat' dir='ltr'>suc-</span> 
     </span>
     <span class='ocr_line' id='line_1_21' title="bbox 224 2776 1380 2865; baseline -0.002 -22"><span class='ocrx_word' id='word_1_159' title='bbox 224 2800 332 2843; x_wconf 88' lang='lat' dir='ltr'>cessor</span> <span class='ocrx_word' id='word_1_160' title='bbox 347 2776 510 2856; x_wconf 68' lang='lat' dir='ltr'>naturalia</span> <span class='ocrx_word' id='word_1_161' title='bbox 539 2801 578 2842; x_wconf 92' lang='lat' dir='ltr'>eo</span> <span class='ocrx_word' id='word_1_162' title='bbox 605 2778 693 2865; x_wconf 88' lang='lat' dir='ltr'>quod</span> <span class='ocrx_word' id='word_1_163' title='bbox 717 2779 866 2865; x_wconf 91' lang='lat' dir='ltr'>utrinque</span> <span class='ocrx_word' id='word_1_164' title='bbox 881 2780 923 2842; x_wconf 90' lang='lat' dir='ltr'>de</span> <span class='ocrx_word' id='word_1_165' title='bbox 950 2778 1073 2843; x_wconf 92' lang='lat' dir='ltr'>semine</span> <span class='ocrx_word' id='word_1_166' title='bbox 1095 2778 1180 2863; x_wconf 89' lang='lat' dir='ltr'>regis</span> <span class='ocrx_word' id='word_1_167' title='bbox 1208 2778 1272 2843; x_wconf 94' lang='lat' dir='ltr'>sint</span> <span class='ocrx_word' id='word_1_168' title='bbox 1296 2777 1380 2841; x_wconf 90' lang='lat' dir='ltr'>illius</span> 
     </span>
     <span class='ocr_line' id='line_1_22' title="bbox 224 2864 1381 2955; baseline -0.002 -24"><span class='ocrx_word' id='word_1_169' title='bbox 224 2864 402 2955; x_wconf 83' lang='lat' dir='ltr'>sementiva</span> <span class='ocrx_word' id='word_1_170' title='bbox 416 2864 664 2950; x_wconf 84' lang='lat' dir='ltr'>propagationis.</span> <span class='ocrx_word' id='word_1_171' title='bbox 713 2866 783 2931; x_wconf 91' lang='lat' dir='ltr'>Nec</span> <span class='ocrx_word' id='word_1_172' title='bbox 799 2866 890 2930; x_wconf 88' lang='lat' dir='ltr'>alteri</span> <span class='ocrx_word' id='word_1_173' title='bbox 906 2866 1116 2931; x_wconf 88' lang='lat' dir='ltr'>excellentius</span> <span class='ocrx_word' id='word_1_174' title='bbox 1132 2868 1299 2953; x_wconf 90' lang='lat' dir='ltr'>utriusque</span> <span class='ocrx_word' id='word_1_175' title='bbox 1324 2865 1381 2930; x_wconf 92' lang='lat' dir='ltr'>de-</span> 
     </span>
     <span class='ocr_line' id='line_1_23' title="bbox 224 2952 1382 3041; baseline -0.003 -21"><span class='ocrx_word' id='word_1_176' title='bbox 224 2957 318 3021; x_wconf 91' lang='lat' dir='ltr'>betur</span> <span class='ocrx_word' id='word_1_177' title='bbox 332 2953 493 3020; x_wconf 89' lang='lat' dir='ltr'>hereditas</span> <span class='ocrx_word' id='word_1_178' title='bbox 509 2976 606 3041; x_wconf 86' lang='lat' dir='ltr'>quam</span> <span class='ocrx_word' id='word_1_179' title='bbox 630 2952 683 3017; x_wconf 89' lang='lat' dir='ltr'>illi.</span> <span class='ocrx_word' id='word_1_180' title='bbox 731 2954 785 3017; x_wconf 87' lang='lat' dir='ltr'>Ex</span> <span class='ocrx_word' id='word_1_181' title='bbox 801 2967 939 3040; x_wconf 90' lang='lat' dir='ltr'>paterno</span> <span class='ocrx_word' id='word_1_182' title='bbox 962 2956 1047 3019; x_wconf 88' lang='lat' dir='ltr'>enirn</span> <span class='ocrx_word' id='word_1_183' title='bbox 1063 2954 1183 3019; x_wconf 90' lang='lat' dir='ltr'>semine</span> <span class='ocrx_word' id='word_1_184' title='bbox 1199 2954 1229 3020; x_wconf 92' lang='lat' dir='ltr'>ei</span> <span class='ocrx_word' id='word_1_185' title='bbox 1241 2976 1382 3038; x_wconf 87' lang='lat' dir='ltr'>regnum</span> 
     </span>
     <span class='ocr_line' id='line_1_24' title="bbox 225 3041 1383 3128; baseline -0.002 -21"><span class='ocrx_word' id='word_1_186' title='bbox 225 3065 333 3108; x_wconf 88' lang='lat' dir='ltr'>meum</span> <span class='ocrx_word' id='word_1_187' title='bbox 347 3044 418 3128; x_wconf 89' lang='lat' dir='ltr'>jure</span> <span class='ocrx_word' id='word_1_188' title='bbox 435 3059 595 3120; x_wconf 89' lang='lat' dir='ltr'>censetur,</span> <span class='ocrx_word' id='word_1_189' title='bbox 621 3056 654 3106; x_wconf 88' lang='lat' dir='ltr'>et</span> <span class='ocrx_word' id='word_1_190' title='bbox 680 3064 721 3107; x_wconf 88' lang='lat' dir='ltr'>ex</span> <span class='ocrx_word' id='word_1_191' title='bbox 737 3056 883 3107; x_wconf 86' lang='lat' dir='ltr'>materna</span> <span class='ocrx_word' id='word_1_192' title='bbox 907 3043 1121 3127; x_wconf 83' lang='lat' dir='ltr'>generationis</span> <span class='ocrx_word' id='word_1_193' title='bbox 1137 3043 1218 3108; x_wconf 92' lang='lat' dir='ltr'>serie</span> <span class='ocrx_word' id='word_1_194' title='bbox 1241 3041 1283 3106; x_wconf 91' lang='lat' dir='ltr'>ad</span> <span class='ocrx_word' id='word_1_195' title='bbox 1307 3064 1383 3106; x_wconf 91' lang='lat' dir='ltr'>eum</span> 
     </span>
     <span class='ocr_line' id='line_1_25' title="bbox 224 3130 1383 3217; baseline 0 -22"><span class='ocrx_word' id='word_1_196' title='bbox 224 3131 342 3195; x_wconf 88' lang='lat' dir='ltr'>merito</span> <span class='ocrx_word' id='word_1_197' title='bbox 358 3130 455 3215; x_wconf 87' lang='lat' dir='ltr'>patris</span> <span class='ocrx_word' id='word_1_198' title='bbox 472 3132 518 3193; x_wconf 89' lang='lat' dir='ltr'>tui</span> <span class='ocrx_word' id='word_1_199' title='bbox 530 3143 690 3214; x_wconf 88' lang='lat' dir='ltr'>sceptrum</span> <span class='ocrx_word' id='word_1_200' title='bbox 708 3144 741 3193; x_wconf 90' lang='lat' dir='ltr'>et</span> <span class='ocrx_word' id='word_1_201' title='bbox 767 3130 939 3217; x_wconf 91' lang='lat' dir='ltr'>imperium</span> <span class='ocrx_word' id='word_1_202' title='bbox 955 3131 1177 3198; x_wconf 87' lang='lat' dir='ltr'>transferetur.</span> <span class='ocrx_word' id='word_1_203' title='bbox 1224 3130 1309 3195; x_wconf 88' lang='lat' dir='ltr'>Nam</span> <span class='ocrx_word' id='word_1_204' title='bbox 1325 3154 1383 3217; x_wconf 85' lang='lat' dir='ltr'>pa-</span> 
     </span>
     <span class='ocr_line' id='line_1_26' title="bbox 227 3216 1384 3306; baseline -0.002 -23"><span class='ocrx_word' id='word_1_205' title='bbox 227 3218 310 3283; x_wconf 89' lang='lat' dir='ltr'>terni</span> <span class='ocrx_word' id='word_1_206' title='bbox 326 3217 396 3281; x_wconf 91' lang='lat' dir='ltr'>solii</span> <span class='ocrx_word' id='word_1_207' title='bbox 427 3231 462 3280; x_wconf 94' lang='lat' dir='ltr'>tu</span> <span class='ocrx_word' id='word_1_208' title='bbox 487 3218 555 3281; x_wconf 84' lang='lat' dir='ltr'>sola</span> <span class='ocrx_word' id='word_1_209' title='bbox 570 3216 663 3281; x_wconf 90' lang='lat' dir='ltr'>heres</span> <span class='ocrx_word' id='word_1_210' title='bbox 676 3240 743 3280; x_wconf 92' lang='lat' dir='ltr'>esse</span> <span class='ocrx_word' id='word_1_211' title='bbox 761 3220 976 3306; x_wconf 87' lang='lat' dir='ltr'>cognosceris.</span> <span class='ocrx_word' id='word_1_212' title='bbox 1021 3220 1076 3284; x_wconf 90' lang='lat' dir='ltr'>De</span> <span class='ocrx_word' id='word_1_213' title='bbox 1100 3242 1174 3283; x_wconf 90' lang='lat' dir='ltr'>meo</span> <span class='ocrx_word' id='word_1_214' title='bbox 1200 3232 1310 3282; x_wconf 89' lang='lat' dir='ltr'>autem</span> <span class='ocrx_word' id='word_1_215' title='bbox 1327 3241 1384 3303; x_wconf 88' lang='lat' dir='ltr'>pa·</span> 
     </span>
     <span class='ocr_line' id='line_1_27' title="bbox 226 3303 1383 3389; baseline 0.001 -21"><span class='ocrx_word' id='word_1_216' title='bbox 226 3320 319 3369; x_wconf 91' lang='lat' dir='ltr'>terno</span> <span class='ocrx_word' id='word_1_217' title='bbox 335 3303 385 3368; x_wconf 90' lang='lat' dir='ltr'>vel</span> <span class='ocrx_word' id='word_1_218' title='bbox 401 3316 546 3367; x_wconf 88' lang='lat' dir='ltr'>materno</span> <span class='ocrx_word' id='word_1_219' title='bbox 562 3304 682 3367; x_wconf 90' lang='lat' dir='ltr'>semine</span> <span class='ocrx_word' id='word_1_220' title='bbox 697 3318 818 3389; x_wconf 88' lang='lat' dir='ltr'>praeter</span> <span class='ocrx_word' id='word_1_221' title='bbox 840 3306 936 3369; x_wconf 88' lang='lat' dir='ltr'>istum</span> <span class='ocrx_word' id='word_1_222' title='bbox 960 3330 1026 3371; x_wconf 94' lang='lat' dir='ltr'>non</span> <span class='ocrx_word' id='word_1_223' title='bbox 1051 3307 1145 3370; x_wconf 90' lang='lat' dir='ltr'>video</span> <span class='ocrx_word' id='word_1_224' title='bbox 1160 3305 1238 3368; x_wconf 91' lang='lat' dir='ltr'>mihi</span> <span class='ocrx_word' id='word_1_225' title='bbox 1262 3306 1383 3370; x_wconf 88' lang='lat' dir='ltr'>debere</span> 
     </span>
     <span class='ocr_line' id='line_1_28' title="bbox 228 3391 1384 3482; baseline 0.001 -27"><span class='ocrx_word' id='word_1_226' title='bbox 228 3391 423 3457; x_wconf 90' lang='lat' dir='ltr'>hereditario</span> <span class='ocrx_word' id='word_1_227' title='bbox 434 3394 508 3477; x_wconf 89' lang='lat' dir='ltr'>jure</span> <span class='ocrx_word' id='word_1_228' title='bbox 524 3392 707 3470; x_wconf 88' lang='lat' dir='ltr'>succedere,</span> <span class='ocrx_word' id='word_1_229' title='bbox 724 3417 765 3457; x_wconf 90' lang='lat' dir='ltr'>eo</span> <span class='ocrx_word' id='word_1_230' title='bbox 781 3395 870 3481; x_wconf 92' lang='lat' dir='ltr'>quod</span> <span class='ocrx_word' id='word_1_231' title='bbox 886 3417 1049 3482; x_wconf 89' lang='lat' dir='ltr'>nunquam</span> <span class='ocrx_word' id='word_1_232' title='bbox 1065 3418 1117 3459; x_wconf 92' lang='lat' dir='ltr'>me</span> <span class='ocrx_word' id='word_1_233' title='bbox 1133 3393 1264 3458; x_wconf 90' lang='lat' dir='ltr'>memini</span> <span class='ocrx_word' id='word_1_234' title='bbox 1286 3394 1384 3458; x_wconf 90' lang='lat' dir='ltr'>virilis</span> 
     </span>
     <span class='ocr_line' id='line_1_29' title="bbox 227 3479 1383 3569; baseline 0.002 -26"><span class='ocrx_word' id='word_1_235' title='bbox 227 3481 364 3545; x_wconf 84' lang='lat' dir='ltr'>formam</span> <span class='ocrx_word' id='word_1_236' title='bbox 380 3479 574 3545; x_wconf 87' lang='lat' dir='ltr'>substanciae</span> <span class='ocrx_word' id='word_1_237' title='bbox 589 3481 777 3568; x_wconf 86' lang='lat' dir='ltr'>generando</span> <span class='ocrx_word' id='word_1_238' title='bbox 793 3482 982 3568; x_wconf 79' lang='lat' dir='ltr'>profudisse.</span> <span class='ocrx_word' id='word_1_239' title='bbox 1030 3484 1073 3547; x_wconf 90' lang='lat' dir='ltr'>Et</span> <span class='ocrx_word' id='word_1_240' title='bbox 1089 3506 1176 3548; x_wconf 91' lang='lat' dir='ltr'>nunc</span> <span class='ocrx_word' id='word_1_241' title='bbox 1186 3481 1275 3569; x_wconf 92' lang='lat' dir='ltr'>quod</span> <span class='ocrx_word' id='word_1_242' title='bbox 1291 3482 1383 3546; x_wconf 92' lang='lat' dir='ltr'>nobis</span> 
     </span>
     <span class='ocr_line' id='line_1_30' title="bbox 229 3569 1384 3655; baseline 0 -22"><span class='ocrx_word' id='word_1_243' title='bbox 229 3592 302 3635; x_wconf 90' lang='lat' dir='ltr'>casu</span> <span class='ocrx_word' id='word_1_244' title='bbox 320 3569 462 3634; x_wconf 88' lang='lat' dir='ltr'>dictante</span> <span class='ocrx_word' id='word_1_245' title='bbox 478 3572 637 3655; x_wconf 89' lang='lat' dir='ltr'>provenit,</span> <span class='ocrx_word' id='word_1_246' title='bbox 654 3583 689 3633; x_wconf 90' lang='lat' dir='ltr'>ut</span> <span class='ocrx_word' id='word_1_247' title='bbox 716 3571 867 3648; x_wconf 88' lang='lat' dir='ltr'>advert0,</span> <span class='ocrx_word' id='word_1_248' title='bbox 879 3570 949 3655; x_wconf 89' lang='lat' dir='ltr'>jam</span> <span class='ocrx_word' id='word_1_249' title='bbox 965 3594 1005 3635; x_wconf 89' lang='lat' dir='ltr'>ea</span> <span class='ocrx_word' id='word_1_250' title='bbox 1034 3570 1143 3635; x_wconf 87' lang='lat' dir='ltr'>divina</span> <span class='ocrx_word' id='word_1_251' title='bbox 1169 3570 1384 3655; x_wconf 90' lang='lat' dir='ltr'>disposicione</span> 
     </span>
     <span class='ocr_line' id='line_1_31' title="bbox 228 3656 1385 3746; baseline 0 -25"><span class='ocrx_word' id='word_1_252' title='bbox 228 3656 389 3723; x_wconf 87' lang='lat' dir='ltr'>successit.</span> <span class='ocrx_word' id='word_1_253' title='bbox 434 3658 507 3721; x_wconf 91' lang='lat' dir='ltr'>Jam</span> <span class='ocrx_word' id='word_1_254' title='bbox 523 3682 601 3746; x_wconf 90' lang='lat' dir='ltr'>ergo</span> <span class='ocrx_word' id='word_1_255' title='bbox 617 3658 659 3722; x_wconf 92' lang='lat' dir='ltr'>ad</span> <span class='ocrx_word' id='word_1_256' title='bbox 674 3672 811 3723; x_wconf 90' lang='lat' dir='ltr'>matrem</span> <span class='ocrx_word' id='word_1_257' title='bbox 834 3680 939 3723; x_wconf 85' lang='lat' dir='ltr'>meam</span> <span class='ocrx_word' id='word_1_258' title='bbox 962 3670 994 3722; x_wconf 93' lang='lat' dir='ltr'>te</span> <span class='ocrx_word' id='word_1_259' title='bbox 1016 3658 1240 3735; x_wconf 88' lang='lat' dir='ltr'>transmittam,</span> <span class='ocrx_word' id='word_1_260' title='bbox 1267 3671 1299 3723; x_wconf 91' lang='lat' dir='ltr'>et</span> <span class='ocrx_word' id='word_1_261' title='bbox 1325 3656 1385 3721; x_wconf 91' lang='lat' dir='ltr'>tibi</span> 
     </span>
     <span class='ocr_line' id='line_1_32' title="bbox 229 3744 1385 3832; baseline 0.001 -22"><span class='ocrx_word' id='word_1_262' title='bbox 229 3758 326 3832; x_wconf 91' lang='lat' dir='ltr'>atque</span> <span class='ocrx_word' id='word_1_263' title='bbox 342 3759 510 3830; x_wconf 86' lang='lat' dir='ltr'>conceptae</span> <span class='ocrx_word' id='word_1_264' title='bbox 531 3744 614 3830; x_wconf 89' lang='lat' dir='ltr'>proli</span> <span class='ocrx_word' id='word_1_265' title='bbox 639 3768 766 3811; x_wconf 92' lang='lat' dir='ltr'>omnem</span> <span class='ocrx_word' id='word_1_266' title='bbox 791 3745 1024 3811; x_wconf 89' lang='lat' dir='ltr'>solicitudinem</span> <span class='ocrx_word' id='word_1_267' title='bbox 1049 3746 1235 3811; x_wconf 86' lang='lat' dir='ltr'>devocionis</span> <span class='ocrx_word' id='word_1_268' title='bbox 1260 3747 1385 3831; x_wconf 89' lang='lat' dir='ltr'>impen-</span> 
     </span>
     <span class='ocr_line' id='line_1_33' title="bbox 229 3831 1383 3921; baseline 0.003 -25"><span class='ocrx_word' id='word_1_269' title='bbox 229 3833 334 3897; x_wconf 88' lang='lat' dir='ltr'>dam.’&#39;</span> <span class='ocrx_word' id='word_1_270' title='bbox 384 3831 499 3896; x_wconf 91' lang='lat' dir='ltr'>Ascitis</span> <span class='ocrx_word' id='word_1_271' title='bbox 515 3832 623 3919; x_wconf 90' lang='lat' dir='ltr'>itaque</span> <span class='ocrx_word' id='word_1_272' title='bbox 647 3832 709 3896; x_wconf 94' lang='lat' dir='ltr'>suis</span> <span class='ocrx_word' id='word_1_273' title='bbox 731 3834 911 3921; x_wconf 91' lang='lat' dir='ltr'>quibusque</span> <span class='ocrx_word' id='word_1_274' title='bbox 927 3833 1185 3899; x_wconf 88' lang='lat' dir='ltr'>familiarioribus</span> <span class='ocrx_word' id='word_1_275' title='bbox 1202 3847 1235 3898; x_wconf 93' lang='lat' dir='ltr'>et</span> <span class='ocrx_word' id='word_1_276' title='bbox 1260 3836 1383 3912; x_wconf 87' lang='lat' dir='ltr'>amicis,</span> 
     </span>
     <span class='ocr_line' id='line_1_34' title="bbox 229 3917 1387 4010; baseline 0 -25"><span class='ocrx_word' id='word_1_277' title='bbox 229 3934 266 3985; x_wconf 91' lang='lat' dir='ltr'>ut</span> <span class='ocrx_word' id='word_1_278' title='bbox 282 3942 354 3985; x_wconf 90' lang='lat' dir='ltr'>eam</span> <span class='ocrx_word' id='word_1_279' title='bbox 368 3917 462 3983; x_wconf 88' lang='lat' dir='ltr'>matri</span> <span class='ocrx_word' id='word_1_280' title='bbox 478 3942 545 3984; x_wconf 84' lang='lat' dir='ltr'>suae</span> <span class='ocrx_word' id='word_1_281' title='bbox 560 3919 649 3984; x_wconf 90' lang='lat' dir='ltr'>filiali</span> <span class='ocrx_word' id='word_1_282' title='bbox 676 3922 745 3985; x_wconf 91' lang='lat' dir='ltr'>vice</span> <span class='ocrx_word' id='word_1_283' title='bbox 769 3922 933 4009; x_wconf 91' lang='lat' dir='ltr'>quondam</span> <span class='ocrx_word' id='word_1_284' title='bbox 958 3921 1078 4010; x_wconf 90' lang='lat' dir='ltr'>reginae</span> <span class='ocrx_word' id='word_1_285' title='bbox 1108 3921 1259 3988; x_wconf 89' lang='lat' dir='ltr'>devocius</span> <span class='ocrx_word' id='word_1_286' title='bbox 1283 3921 1387 4007; x_wconf 90' lang='lat' dir='ltr'>porri-</span> 
     </span>
     <span class='ocr_line' id='line_1_35' title="bbox 228 4006 1387 4098; baseline 0 -25"><span class='ocrx_word' id='word_1_287' title='bbox 228 4021 320 4093; x_wconf 87' lang='lat' dir='ltr'>gant,</span> <span class='ocrx_word' id='word_1_288' title='bbox 337 4021 369 4073; x_wconf 89' lang='lat' dir='ltr'>et</span> <span class='ocrx_word' id='word_1_289' title='bbox 383 4006 550 4091; x_wconf 86' lang='lat' dir='ltr'>benignius</span> <span class='ocrx_word' id='word_1_290' title='bbox 566 4009 661 4072; x_wconf 90' lang='lat' dir='ltr'>istam</span> <span class='ocrx_word' id='word_1_291' title='bbox 676 4008 777 4095; x_wconf 79' lang='lat' dir='ltr'>lovari</span> <span class='ocrx_word' id='word_1_292' title='bbox 790 4023 888 4097; x_wconf 91' lang='lat' dir='ltr'>atque</span> <span class='ocrx_word' id='word_1_293' title='bbox 904 4009 1268 4098; x_wconf 86' lang='lat' dir='ltr'>consolaripraecipiant.</span> <span class='ocrx_word' id='word_1_294' title='bbox 1319 4008 1387 4083; x_wconf 86' lang='lat' dir='ltr'>Qui</span> 
     </span>
     <span class='ocr_line' id='line_1_36' title="bbox 230 4095 1386 4185; baseline 0 -24"><span class='ocrx_word' id='word_1_295' title='bbox 230 4110 409 4182; x_wconf 89' lang='lat' dir='ltr'>susceptam</span> <span class='ocrx_word' id='word_1_296' title='bbox 424 4095 565 4180; x_wconf 86' lang='lat' dir='ltr'>puellam</span> <span class='ocrx_word' id='word_1_297' title='bbox 589 4118 654 4184; x_wconf 92' lang='lat' dir='ltr'>quo</span> <span class='ocrx_word' id='word_1_298' title='bbox 679 4095 724 4161; x_wconf 90' lang='lat' dir='ltr'>eis</span> <span class='ocrx_word' id='word_1_299' title='bbox 748 4101 873 4185; x_wconf 89' lang='lat' dir='ltr'>jussum</span> <span class='ocrx_word' id='word_1_300' title='bbox 897 4098 1000 4163; x_wconf 85' lang='lat' dir='ltr'>fuerat</span> <span class='ocrx_word' id='word_1_301' title='bbox 1020 4098 1075 4164; x_wconf 91' lang='lat' dir='ltr'>dili</span> <span class='ocrx_word' id='word_1_302' title='bbox 1100 4101 1207 4164; x_wconf 89' lang='lat' dir='ltr'>entius</span> <span class='ocrx_word' id='word_1_303' title='bbox 1222 4098 1386 4185; x_wconf 86' lang='lat' dir='ltr'>perduxe-</span> 
     </span>
     <span class='ocr_line' id='line_1_37' title="bbox 230 4124 1384 4271; baseline 0 -23"><span class='ocrx_word' id='word_1_304' title='bbox 230 4190 317 4249; x_wconf 88' lang='lat' dir='ltr'>runt.</span> <span class='ocrx_word' id='word_1_305' title='bbox 367 4182 473 4257; x_wconf 87' lang='lat' dir='ltr'>Quam</span> <span class='ocrx_word' id='word_1_306' title='bbox 483 4185 594 4269; x_wconf 90' lang='lat' dir='ltr'>regina</span> <span class='ocrx_word' id='word_1_307' title='bbox 603 4206 664 4271; x_wconf 92' lang='lat' dir='ltr'>pro</span> <span class='ocrx_word' id='word_1_308' title='bbox 675 4184 733 4249; x_wconf 88' lang='lat' dir='ltr'>filii</span> <span class='ocrx_word' id='word_1_309' title='bbox 746 4186 936 4271; x_wconf 88' lang='lat' dir='ltr'>postulantis</span> <span class='ocrx_word' id='word_1_310' title='bbox 948 4209 1058 4252; x_wconf 87' lang='lat' dir='ltr'>amore</span> <span class='ocrx_word' id='word_1_311' title='bbox 1068 4124 1219 4251; x_wconf 62' lang='lat' dir='ltr'>‹hnixius</span> <span class='ocrx_word' id='word_1_312' title='bbox 1232 4185 1384 4271; x_wconf 90' lang='lat' dir='ltr'>suscepit,</span> 
     </span>
     <span class='ocr_line' id='line_1_38' title="bbox 231 4270 1386 4362; baseline 0.001 -25"><span class='ocrx_word' id='word_1_313' title='bbox 231 4286 265 4337; x_wconf 91' lang='lat' dir='ltr'>et</span> <span class='ocrx_word' id='word_1_314' title='bbox 280 4270 341 4338; x_wconf 88' lang='lat' dir='ltr'>sibi</span> <span class='ocrx_word' id='word_1_315' title='bbox 353 4293 422 4337; x_wconf 88' lang='lat' dir='ltr'>eam</span> <span class='ocrx_word' id='word_1_316' title='bbox 438 4272 471 4335; x_wconf 92' lang='lat' dir='ltr'>in</span> <span class='ocrx_word' id='word_1_317' title='bbox 486 4272 587 4337; x_wconf 86' lang='lat' dir='ltr'>filiam</span> <span class='ocrx_word' id='word_1_318' title='bbox 603 4272 775 4361; x_wconf 87' lang='lat' dir='ltr'>adoptavit.</span> <span class='ocrx_word' id='word_1_319' title='bbox 820 4273 1029 4362; x_wconf 86' lang='lat' dir='ltr'>Aliquamdiu</span> <span class='ocrx_word' id='word_1_320' title='bbox 1044 4298 1124 4360; x_wconf 90' lang='lat' dir='ltr'>ergo</span> <span class='ocrx_word' id='word_1_321' title='bbox 1140 4275 1226 4340; x_wconf 85' lang='lat' dir='ltr'>circa</span> <span class='ocrx_word' id='word_1_322' title='bbox 1239 4271 1386 4358; x_wconf 89' lang='lat' dir='ltr'>reginam</span> 
     </span>
     <span class='ocr_line' id='line_1_39' title="bbox 231 4360 1385 4448; baseline 0.001 -23"><span class='ocrx_word' id='word_1_323' title='bbox 231 4360 339 4447; x_wconf 89' lang='lat' dir='ltr'>puella</span> <span class='ocrx_word' id='word_1_324' title='bbox 354 4371 542 4426; x_wconf 88' lang='lat' dir='ltr'>conversata</span> <span class='ocrx_word' id='word_1_325' title='bbox 565 4374 753 4427; x_wconf 90' lang='lat' dir='ltr'>cunctorum</span> <span class='ocrx_word' id='word_1_326' title='bbox 778 4362 1050 4428; x_wconf 91' lang='lat' dir='ltr'>commanentium</span> <span class='ocrx_word' id='word_1_327' title='bbox 1076 4360 1308 4430; x_wconf 75' lang='lat' dir='ltr'>benivolentiae</span> <span class='ocrx_word' id='word_1_328' title='bbox 1323 4383 1385 4448; x_wconf 91' lang='lat' dir='ltr'>pro</span> 
     </span>
     <span class='ocr_line' id='line_1_40' title="bbox 231 4446 1384 4538; baseline 0.002 -24"><span class='ocrx_word' id='word_1_329' title='bbox 231 4468 299 4514; x_wconf 82' lang='lat' dir='ltr'>suae</span> <span class='ocrx_word' id='word_1_330' title='bbox 314 4446 511 4514; x_wconf 88' lang='lat' dir='ltr'>liberalitatis</span> <span class='ocrx_word' id='word_1_331' title='bbox 527 4450 632 4538; x_wconf 89' lang='lat' dir='ltr'>gratia</span> <span class='ocrx_word' id='word_1_332' title='bbox 646 4450 705 4515; x_wconf 91' lang='lat' dir='ltr'>sub</span> <span class='ocrx_word' id='word_1_333' title='bbox 720 4450 886 4517; x_wconf 87' lang='lat' dir='ltr'>brevitatis</span> <span class='ocrx_word' id='word_1_334' title='bbox 902 4461 1046 4535; x_wconf 91' lang='lat' dir='ltr'>tempore</span> <span class='ocrx_word' id='word_1_335' title='bbox 1062 4465 1111 4518; x_wconf 89' lang='lat' dir='ltr'>est</span> <span class='ocrx_word' id='word_1_336' title='bbox 1126 4450 1249 4518; x_wconf 85' lang='lat' dir='ltr'>sortita.</span> <span class='ocrx_word' id='word_1_337' title='bbox 1296 4447 1384 4528; x_wconf 83' lang='lat' dir='ltr'>Rex,</span> 
     </span>
    </p>
   </div>
   <div class='ocr_carea' id='block_1_4' title="bbox 231 4533 1384 4629">
    <p class='ocr_par' dir='ltr' id='par_1_4' title="bbox 231 4533 1384 4629">
     <span class='ocr_line' id='line_1_41' title="bbox 231 4533 1384 4629; baseline 0.002 -27"><span class='ocrx_word' id='word_1_338' title='bbox 231 4533 465 4626; x_wconf 72' lang='lat' dir='ltr'>interimque</span> <span class='ocrx_word' id='word_1_339' title='bbox 489 4534 630 4626; x_wconf 85' lang='lat' dir='ltr'>puellam</span> <span class='ocrx_word' id='word_1_340' title='bbox 659 4550 871 4629; x_wconf 83' lang='lat' dir='ltr'>pregnantem</span> <span class='ocrx_word' id='word_1_341' title='bbox 902 4536 1072 4624; x_wconf 84' lang='lat' dir='ltr'>didicerat,</span> <span class='ocrx_word' id='word_1_342' title='bbox 1098 4534 1280 4612; x_wconf 85' lang='lat' dir='ltr'>deliciosius</span> <span class='ocrx_word' id='word_1_343' title='bbox 1311 4556 1384 4605; x_wconf 81' lang='lat' dir='ltr'>eam</span> 
     </span>
    </p>
   </div>
   <div class='ocr_carea' id='block_1_5' title="bbox 0 0 1594 5159">
    <p class='ocr_par' dir='ltr' id='par_1_5' title="bbox 0 0 1594 5159">
     <span class='ocr_line' id='line_1_42' title="bbox 0 0 1594 5159; baseline 0 0"><span class='ocrx_word' id='word_1_344' title='bbox 0 0 1594 5159; x_wconf 95' lang='lat' dir='ltr'> </span> 
     </span>
    </p>
   </div>
  </div>
 </body>
</html>
