3142 5159
283 456 334 529 »16
731 478 825 527 vrrs
852 478 991 525 oswnrr

282 644 350 707 bat.
399 641 450 705 Ad
475 640 582 704 omnia
609 638 780 724 spiritualis
804 638 950 703 exercitii
973 638 1081 702 studia
1097 662 1133 703 se
1148 638 1351 729 accingebat,
1382 643 1447 706 sed

282 728 396 813 opibus
413 725 640 791 misericordiae
656 725 842 813 diligentiis
862 750 896 790 se
913 739 1018 790 totum
1033 727 1232 791 effundebat.
1275 728 1342 790 Sua
1356 742 1446 814 sata-

280 817 380 900 gebat
403 817 507 901 copia,
539 814 727 878 miserorum
758 812 909 897 supplere
939 812 1092 897 inopiam.
1139 813 1290 878 Divitum
1320 815 1441 901 quippe

282 904 455 988 superflua,
476 902 646 988 reputabat
670 922 848 985 pauperum
873 900 1064 965 necessaria.
1113 901 1317 965 Auctoritate
1342 902 1440 965 officii

279 990 360 1076 regii
383 991 534 1055 credebat
553 1012 588 1053 se
611 987 783 1073 plurimum
799 987 919 1052 debere
942 987 991 1051 his
1007 988 1061 1074 qui
1085 988 1253 1053 minimum
1267 1001 1441 1074 poterant;

280 1078 450 1163 plurimam
477 1077 629 1145 exhibere
649 1073 814 1160 justiciam
843 1074 903 1151 his,
932 1074 988 1162 qui
1014 1077 1231 1159 gravabantur
1255 1076 1438 1162 plurimum.

283 1166 321 1230 In
333 1163 519 1230 humilitatis
528 1162 626 1248 regiae
635 1160 916 1227 commendatione
932 1162 1131 1227 Venerabilis
1146 1162 1238 1228 Beda
1253 1165 1440 1249 exemplum
1457 1176 1463 1183 ’

302 1254 445 1337 roposuit
475 1250 621 1316 omnibus
645 1248 846 1326 imitandum,
871 1249 968 1314 seda
1000 1249 1096 1314 nullis
1119 1252 1249 1338 regibus
1270 1274 1376 1338 ‚usque
1403 1251 1441 1315 in

279 1274 472 1403 liudiernum
509 1338 597 1402 diem
633 1335 726 1421 plene
764 1351 949 1400 executum.
1024 1337 1197 1402 Humiliari
1227 1336 1345 1426 quippe
1375 1340 1440 1403 sub

281 1425 517 1491 excellentioris
541 1423 687 1508 imperio,
704 1423 806 1487 debiti
828 1438 878 1487 est
897 1424 1038 1488 exactio.
1085 1424 1261 1490 Hunriliari
1283 1426 1361 1513 verb
1376 1428 1441 1491 sub

281 1513 405 1577 socialis
428 1511 557 1578 foederis
574 1510 688 1588 officio,
705 1510 812 1575 meriti
827 1525 876 1575 est
891 1510 1064 1596 promotio.
1113 1512 1283 1576 Humiliari
1307 1514 1440 1578 tandem

280 1602 339 1665 snb
363 1599 520 1665 inferioris
537 1598 701 1686 dignitatis
716 1599 886 1685 obsequio,
903 1592 1111 1683 profectionis
1126 1612 1176 1663 est
1191 1600 1442 1665 consummatio.

282 1688 355 1753 Hac
371 1688 524 1774 perfectae
539 1685 726 1751 humilitatis
741 1686 845 1770 gratia
859 1685 1015 1771 praeditus
1027 1686 1142 1751 enituit
1163 1687 1299 1752 Sanctus
1315 1686 1389 1753 Rex
1400 1703 1437 1753 et

281 1774 410 1861 Martyr
425 1775 586 1852 Oswinus,
603 1773 658 1860 qui
682 1772 843 1859 pontificis
862 1773 990 1858 Aydani
1015 1773 1215 1858 provolvitur
1237 1775 1383 1860 pedibus,
1401 1776 1438 1839 in

278 1863 392 1929 mediis
407 1863 581 1948 primorum
598 1882 727 1926 suorum
744 1859 927 1945 agminibus
942 1860 1100 1946 supplicat
1122 1885 1182 1946 pro
1197 1862 1302 1940 venia,
1319 1862 1374 1950 qui
1393 1864 1442 1928 de

279 1952 373 2036 culpa
382 1949 521 2035 trepidat
533 1972 597 2013 non
610 1948 788 2025 commissit,
803 1961 837 2011 et
849 1947 1108 2032 interrogationis
1117 1972 1186 2013 snae
1196 1948 1435 2029 discretionem,

278 2039 460 2103 redundare
475 2036 627 2102 formidat
642 2035 674 2098 in
691 2034 835 2119 praesulis
850 2034 1027 2099 laesioncm.
1068 2035 1204 2121 Regiam
1221 2052 1437 2125 magestatem

278 2125 456 2209 pontificali
479 2122 629 2209 dignitati
650 2122 819 2207 praelatam
842 2144 911 2185 esse
933 2122 1092 2201 novimus,
1110 2138 1175 2187 tam
1200 2148 1240 2189 ex
1264 2124 1440 2209 spiritualis

278 2212 440 2277 unctionis
455 2209 607 2295 singulari
625 2223 837 2287 sacramento,
854 2232 951 2296 quam
967 2233 1009 2274 ex
1031 2211 1214 2296 temporalis
1237 2211 1435 2297 principatbs

277 2298 476 2385 praecellenti
491 2296 646 2363 dominio.
695 2296 778 2371 Quae
807 2308 914 2362 tamen
928 2297 1109 2362 humiliavit
1130 2322 1165 2363 se
1188 2321 1296 2363 coram
1320 2300 1435 2365 ordine

278 2386 431 2463 inferiori,
448 2408 512 2449 non
529 2384 561 2448 in
577 2383 731 2461 conclavi,
748 2384 807 2447 sed
829 2385 861 2446 in
883 2384 1025 2468 palati03
1048 2408 1111 2449 non
1128 2409 1236 2450 coram
1252 2387 1435 2453 domesticis

279 2487 416 2552 tantum,
434 2474 492 2538 sed
514 2495 623 2537 coram
644 2471 763 2556 passim
779 2472 980 2537 adstantibus
1003 2472 1111 2536 multis
1135 2485 1200 2537 tam
1223 2475 1322 2539 servis
1336 2498 1434 2562 quarn

278 2561 398 2640 liberis,
427 2575 493 2626 tam
520 2559 638 2645 ignotis
662 2583 758 2660 quam
783 2559 932 2648 cognitis.
989 2560 1083 2624 Hora
1110 2561 1236 2646 prandii
1259 2585 1326 2627 non
1352 2564 1432 2627 ollas

278 2650 422 2714 car'nium
444 2662 548 2713 versat
573 2648 606 2711 in
630 2670 747 2725 ammo,
769 2647 828 2711 sed
853 2670 928 2712 reco
953 2647 1011 2712 'tat
1034 2648 1171 2712 amaribs
1194 2673 1228 2714 se
1250 2650 1375 2735 lapsum
1397 2651 1432 2715 in

279 2738 391 2814 verbo,
423 2749 456 2801 et
479 2735 564 2800 otior
586 2734 769 2820 procumbit
792 2734 834 2798 ad
857 2672 1117 2813 satisirictionem,
1148 2760 1245 2823 quam
1267 2737 1310 2801 ad
1331 2738 1435 2803 refec-

278 2825 400 2890 tionem
429 2822 598 2887 recumbit.
647 2821 804 2886 Ciborum
833 2820 931 2885 etiam
961 2822 1244 2907 ingurgitationem
1274 2825 1431 2911 anticipat

278 2913 409 2998 crapula
419 2911 631 2987 lacrimarum,
643 2923 676 2973 et
691 2908 778 2993 prius
794 2906 909 2972 scindit
921 2931 977 2973 cor
988 2910 1192 2990 contritione,
1206 2935 1303 2999 quarn
1314 2935 1431 2998 corpus

277 3001 391 3067 farciat
406 3015 499 3085 pastu
511 2997 658 3063 lautiore.
707 2996 808 3061 Videt
822 3009 855 3061 et
871 2996 1087 3061 contremiscit
1102 2999 1256 3084 Aydanus
1271 3000 1429 3085 pontifex,

279 3089 369 3152 etad
391 3108 534 3152 mensam
555 3085 699 3149 residens
715 3106 816 3171 usque
838 3084 881 3148 ad
903 3084 1105 3149 lacrimarum
1121 3086 1328 3152 suffusionem
1344 3111 1432 3153 corn·

278 3175 444 3262 pungitur,
462 3173 518 3238 ubi
533 3172 631 3236 etiam
647 3171 687 3235 de
703 3170 842 3236 instante
858 3173 940 3255 regis
963 3173 1117 3259 martyrio
1136 3172 1168 3235 in
1183 3174 1298 3259 spiritu
1312 3176 1429 3242 edoce-

279 3278 343 3329 tur.
392 3261 482 3324 Sicut
506 3260 616 3342 lingua
640 3258 844 3343 praedicantis
871 3259 996 3337 arescit,
1022 3274 1056 3325 et
1082 3262 1123 3325 ab
1148 3262 1253 3326 officio
1279 3287 1339 3328 suo
1364 3287 1430 3327 non

278 3370 442 3436 nunquam
457 3346 567 3411 deficit
582 3368 641 3431 pro
656 3345 840 3411 auditorum
855 3345 959 3431 culpa,
973 3347 1017 3411 sic
1033 3362 1066 3413 et
1081 3362 1240 3437 magestas
1250 3350 1337 3437 juste
1348 3374 1432 3437 prae-

278 3435 409 3502 sidentis
425 3435 540 3520 saepius
555 3432 678 3518 rapitur
697 3434 738 3497 ab
752 3433 813 3497 hac
825 3433 900 3513 vita,
914 3453 972 3518 pro
981 3458 1107 3500 morum
1123 3436 1342 3523 inaequalitate
1379 3463 1432 3504 uae

277 3524 475 3611 principatur
497 3525 530 3586 in
551 3520 645 3607 plebe
668 3521 823 3605 subjecta.
873 3521 924 3585 Sic
947 3520 1105 3607 profectb,
1123 3524 1168 3587 sic
1195 3524 1330 3589 Sanctus
1356 3463 1430 3592 Sex

282 3613 441 3689 Oswinus,
467 3610 543 3698 quia
565 3631 645 3694 gens
671 3632 730 3673 sua
753 3631 818 3672 non
843 3610 961 3674 meruit
985 3610 1083 3675 talem
1109 3611 1229 3676 habere
1255 3626 1427 3692 rectorem,

277 3700 387 3790 gladio
402 3697 611 3763 transfoditur
626 3696 819 3773 invidorum,
831 3708 865 3760 et
880 3697 924 3761 ad
942 3698 1132 3763 Sanctorum
1149 3700 1340 3765 transfertur
1354 3724 1431 3765 con-

279 3788 378 3853 sortia
395 3786 605 3870 Angelorum.
652 3782 770 3848 Nullus
793 3782 884 3846 stilus
899 3783 973 3847 vitae
996 3784 1064 3869 ejus
1079 3786 1286 3852 sanctissimae
1301 3788 1427 3868 seriem,

277 3876 360 3940 sicut
374 3896 434 3938 nec
454 3872 563 3937 Sancti
581 3870 823 3935 Melchisedech
839 3870 930 3955 plene
944 3872 1058 3951 texuit,
1075 3874 1128 3938 vel
1143 3873 1238 3959 digne
1254 3890 1290 3940 ut
1306 3876 1428 3955 decuit,

277 3964 337 4028 nisi
365 3959 564 4026 Venerabilis
593 3959 684 4023 Beda
710 3956 743 4021 in
770 3958 948 4042 Anglorum
978 3959 1122 4045 hystoria
1145 3962 1287 4027 breviter
1313 3986 1431 4049 magna

276 4049 413 4137 perstrin
438 4070 504 4125 ens,
522 4060 555 4111 et
574 4046 676 4110 multa
690 4046 879 4131 constringit
893 4071 902 4123 ;
924 4046 1036 4133 quide
1056 4050 1175 4113 Sancto
1190 4073 1256 4113 non
1271 4051 1430 4138 principa-

275 4139 351 4203 liter
366 4074 486 4214 scribit,
503 4135 561 4199 sed
583 4134 761 4199 incidenter
782 4134 979 4198 mentionem
1001 4135 1088 4201 facit.
1135 4134 1189 4201 De
1208 4138 1318 4203 Sancti
1343 4139 1430 4204 Mel-

277 4224 448 4292 chisedech
474 4222 541 4287 vita
566 4222 723 4307 scriptura
748 4243 809 4285 nec
834 4244 949 4306 parum
975 4224 1053 4311 quid
1078 4225 1232 4311 loquitur,
1260 4239 1294 4290 et
1321 4240 1430 4293 tamen

276 4315 422 4379 crebram
438 4314 505 4398 ejus
520 4310 716 4375 mentionem
738 4309 858 4374 faciens
881 4310 1113 4375 sanctissimum
1134 4336 1246 4403 regem
1260 4312 1358 4379 fuisse
1381 4314 1430 4379 in-

275 4399 432 4467 sinuando
449 4411 594 4465 testatur.
658 4396 710 4462 Sic
725 4397 787 4461 etsi
802 4396 843 4462 de
859 4398 925 4462 vita
944 4398 1053 4464 Sancti
1078 4399 1176 4485 Regis
1192 4401 1294 4467 nostri
1315 4424 1429 4487 parum

275 4490 440 4577 scripturae
463 4486 623 4553 beneficio
645 4485 843 4570 colligamus,
871 4485 1002 4551 invento
1026 4489 1094 4576 ejus
1123 4487 1265 4573 glorioso
1294 4511 1430 4575 corpore
