3142 5159
274 472 323 539 44
721 484 812 533 vira
837 483 974 533 oswini

270 651 404 739 publicis
426 649 584 727 deserens,
608 670 671 713 nou
699 646 845 712 instituto
870 646 917 710 vel
941 644 1162 711 consuetudini
1181 646 1288 731 regni
1310 668 1449 710 morem

270 762 395 827 gerens,
418 739 514 815 venit,
533 752 569 801 ut
583 736 705 801 dictum
721 750 781 812 est,
803 734 928 813 Wilum,
945 734 1109 799 laxaturus
1124 756 1234 799 manus
1256 735 1301 797 in
1321 750 1448 821 captu-

268 850 337 892 ram
360 825 524 891 mobilium
547 824 701 912 quaesibi
724 824 810 909 prius
832 836 1048 887 occurrerent.
1095 822 1338 887 prohibebant
1365 846 1447 887 eum

268 916 408 1003 quicum
424 936 464 979 eo
480 925 641 990 venerant,
661 910 818 977 Ricardus
833 926 867 975 et
885 910 1069 987 Nicholaus,
1082 910 1139 974 viri
1153 910 1327 988 timorati,
1343 911 1368 974 a
1384 910 1447 974 do-

268 1003 386 1068 minico
413 1002 521 1067 Sancti
547 999 699 1088 Martyris
714 1011 880 1074 armento;
903 1012 1101 1084 opponentes
1116 1010 1184 1063 tum
1200 998 1356 1063 titulum
1368 999 1445 1083 jam

269 1093 364 1157 dictoe
379 1089 628 1167 consuetudinis,
645 1102 714 1153 tum
729 1086 940 1153 reverentiam
956 1086 1065 1151 Sancti
1079 1086 1177 1171 Regis
1192 1100 1225 1151 et
1242 1086 1444 1173 Martyris.

270 1185 316 1247 At
338 1180 392 1243 ille
415 1201 486 1245 cum
511 1177 602 1243 sociis
618 1176 768 1253 refectus,
793 1174 914 1239 incuria
931 1174 1050 1252 Sancti,
1067 1174 1301 1239 nichilominus
1315 1175 1443 1239 furore

268 1290 333 1355 quo
356 1266 442 1353 prius
464 1268 559 1344 latus,
587 1264 702 1350 passim
725 1276 758 1327 et
779 1262 847 1328 sine
869 1260 989 1328 dilectu
1034 1262 1100 1327 uod
1122 1262 1208 1347 prius
1230 1263 1443 1327 occurrerit

269 1369 437 1441 capturum
460 1378 494 1418 se
518 1374 590 1418 cum
611 1354 795 1451 juramento
818 1350 965 1415 affirmat.
1011 1285 1208 1437 iacturaque
1229 1364 1286 1415 est
1321 1364 1367 1415 ut
1393 1351 1442 1414 ad

269 1465 386 1529 pascua
407 1442 526 1527 pariter
548 1452 703 1515 venirent,
730 1437 784 1503 ubi
808 1436 957 1502 dominici
979 1438 1078 1502 boves
1098 1437 1183 1503 illius
1197 1438 1287 1503 villae
1308 1461 1441 1525 pasce-

268 1533 385 1597 bantur
395 1554 404 1607 ;
428 1543 462 1595 et
483 1527 665 1593 videntibus
682 1526 823 1591 Ricardo
842 1540 875 1590 et
895 1525 1051 1591 Nicholao
1065 1528 1162 1591 boves
1177 1542 1380 1612 pascentes,
1399 1539 1437 1591 et

269 1641 403 1705 puerum
422 1617 605 1694 minantem,
623 1614 790 1679 audientes
805 1614 903 1679 etiam
917 1636 1028 1678 canem
1043 1614 1217 1692 horridum,
1235 1616 1436 1680 satellitem

266 1706 396 1772 horride
419 1706 522 1771 solum
544 1704 767 1780 oblatrantem,
793 1702 858 1787 ipse
874 1703 942 1767 dux
959 1702 1137 1787 nephandoe
1151 1704 1333 1787 captionis,
1364 1725 1434 1767 nec

266 1796 367 1861 boves
390 1786 563 1872 vidit‚'nec
586 1814 697 1857 canem
719 1788 854 1856 audivit.
902 1790 997 1856 Ibant
1018 1804 1127 1855 autem
1142 1790 1175 1854 in
1190 1790 1264 1875 ipsis
1279 1793 1432 1878 pascuis

267 1884 330 1949 huc
352 1884 491 1971 illucque
518 1895 551 1946 et
577 1880 819 1945 revertebantur
845 1878 972 1963 saepius,
1000 1877 1088 1943 etin
1111 1892 1236 1943 tantum
1257 1892 1431 1944 armento

266 1972 409 2059 pascenti
428 1970 693 2057 propinquabant,
711 1981 746 2031 ut
761 1965 971 2054 equitantium
985 1965 1120 2051 pedibus
1134 1980 1368 2051 tangerentur,
1388 1980 1427 2031 et

266 2062 409 2147 pulsibus
428 2056 556 2123 Ricardi
572 2069 606 2121 et
623 2054 771 2119 Nicholai
785 2055 884 2118 boves
898 2053 918 2118 a
932 2052 1065 2118 transitu
1081 2054 1252 2141 quaerentis
1267 2078 1332 2121 eos
1350 2078 1428 2120 am·

266 2150 473 2233 bigerentur3
501 2168 559 2210 uec
586 2143 619 2206 in
640 2142 747 2207 eundo
769 2141 820 2215 vel
842 2142 1009 2206 redeundo
1027 2142 1047 2206 a
1068 2142 1212 2207 ministro
1234 2144 1331 2228 regio
1357 2141 1422 2206 visi

268 2250 353 2302 sunt.
400 2232 537 2300 Caecitas
562 2230 720 2307 nimirum,
745 2251 841 2316 quam
866 2230 973 2294 Graeci
996 2229 1143 2295 aurisiam
1167 2254 1223 2295 seu
1247 2232 1423 2297 abrasiam

267 2326 388 2401 dicunt,
409 2343 481 2409 quae
504 2317 684 2383 Sodomitas
703 2330 913 2403 percusserat,
933 2340 975 2383 ne
995 2317 1112 2382 ostium
1127 2318 1238 2383 domus
1255 2320 1353 2385 Loth
1368 2319 1421 2383 in-

266 2411 423 2487 venirent,
448 2409 532 2473 hunc
559 2406 731 2507 iniquitatis
746 2404 925 2469 ministrum
947 2405 1096 2491 tetigerat
1109 2429 1119 2482 ;
1140 2407 1230 2471 etad
1245 2420 1383 2494 tempus
1399 2407 1420 2470 a

266 2501 335 2567 visu
358 2498 477 2586 pariter
496 2510 528 2562 et
547 2495 670 2573 auditu,
692 2516 756 2558 uon
775 2492 917 2558 omnium
936 2516 1008 2581 quae
1025 2493 1125 2559 videri
1140 2508 1174 2559 et
1188 2495 1291 2560 audiri
1313 2510 1417 2582 pote-

266 2602 348 2667 rant,
369 2610 441 2652 uam
461 2584 564 2650 socios
579 2606 651 2648 suos
667 2596 700 2647 et
715 2581 845 2647 videbat
860 2595 894 2647 et
909 2582 1072 2661 audiebat,
1088 2582 1146 2646 sed
1160 2605 1272 2648 eorum
1286 2584 1416 2671 quibus

268 2670 384 2743 damna
398 2674 512 2739 inferre
527 2684 746 2758 proposuerat,
763 2670 928 2755 optinente
947 2670 1067 2735 Sancto
1086 2670 1215 2735 Oswino
1230 2672 1413 2757 suspende-

267 2778 328 2831 rat.
376 2760 521 2848 Egressis
547 2758 738 2824 autemillis
763 2771 881 2822 terram
911 2757 1020 2821 Sancti
1047 2758 1211 2845 Martyris,
1244 2760 1411 2825 “Miror”

266 2852 368 2941 inquit
391 2849 516 2915 satelles
538 2847 601 2925 ille,
625 2856 721 2933 “quo
744 2845 933 2909 devenerint
954 2859 1099 2910 armenta
1113 2846 1164 2911 vel
1178 2869 1293 2932 greges
1307 2848 1411 2933 hujus

265 2942 360 3007 villae.
406 2934 563 3023 Nunquid
576 2934 670 2999 alicui
681 2932 827 2998 revelasti
842 2955 970 2997 causam
984 2933 1138 2998 adventus
1154 2937 1284 3001 nostri?
1308 2936 1410 3001 Nun·

264 3030 343 3120 quid
365 3051 408 3093 ex
429 3023 624 3091 consciencia
639 3022 748 3087 nostris
761 3021 781 3085 a
794 3019 918 3108 pascuis
932 3034 1057 3086 remota
1070 3035 1144 3086 suut
1159 3045 1232 3110 quae
1247 3024 1409 3109 capienda

264 3117 408 3184 venimus
430 3123 575 3179 armenta
597 3113 633 3176 ?''
660 3113 705 3173 At
730 3108 776 3173 illi
798 3107 851 3196 qui
878 3132 951 3174 cum
972 3132 1013 3174 eo
1036 3109 1281 3190 comitabantur,
1310 3122 1334 3153 ‘⁶
1347 3113 1405 3178 De

288 3206 345 3269 utt’
372 3202 518 3289 inquiunt
543 3198 712 3285 “loqueris
736 3196 837 3261 villa?
865 3197 982 3261 Nonne
1003 3198 1073 3283 jam
1094 3198 1236 3284 elongati
1258 3199 1406 3265 sumusa

265 3232 394 3368 illitum,
425 3285 605 3376 quingentis
635 3286 702 3349 fere
731 3285 901 3369 passibus?
941 3284 1058 3349 Nonne
1088 3286 1194 3350 vidisti
1224 3287 1403 3353 dominicos

264 3385 363 3448 boves
382 3378 414 3441 in
433 3375 497 3456 suis
513 3372 636 3460 pascuis
651 3374 843 3458 pascentes?
868 3370 985 3438 Nonne
1001 3396 1135 3458 puerum
1149 3377 1326 3440 snbruffum
1340 3376 1403 3441 mi·

264 3481 393 3536 nantem
414 3488 468 3531 eos
484 3460 600 3537 vidisti,
619 3476 652 3526 et
667 3483 740 3525 curn
756 3484 796 3524 eo
811 3483 922 3524 canem
939 3475 971 3525 te
988 3462 1089 3526 solum
1106 3464 1221 3528 acriter
1236 3464 1402 3530 oblatran-

266 3575 330 3626 tem
350 3553 464 3622 audisti
473 3554 508 3618 ?’'
531 3561 556 3610 .“
571 3549 735 3627 Minime,'’
751 3549 854 3636 inquit
872 3549 957 3614 “vel
973 3547 1038 3612 vidi
1052 3550 1104 3615 vel
1118 3551 1224 3615 audivi
1240 3575 1335 3638 quem
1350 3554 1401 3617 di-

264 3647 363 3713 citis.'’
412 3642 462 3707 Illi
485 3658 593 3705 autem
615 3638 799 3703 estimantes
819 3637 907 3724 quod
928 3637 1154 3703 dissimulasset
1170 3640 1286 3719 omnia,
1304 3641 1400 3705 tertia

264 3736 312 3801 vel
335 3731 449 3821 quarta
471 3729 522 3792 die
538 3728 569 3790 in
585 3728 739 3791 comitatu
755 3726 842 3810 apud
858 3724 986 3789 Novum
1003 3726 1179 3791 Castellum
1194 3728 1306 3793 habito
1321 3752 1397 3793 cum

262 3822 414 3889 secretius
437 3829 469 3882 et
491 3814 664 3879 districtius
686 3836 781 3898 super
803 3813 851 3876 his
873 3827 1098 3892 convenerunt,
1115 3829 1149 3879 et
1160 3815 1213 3879 ille
1227 3838 1300 3880 cum
1309 3818 1399 3902 jura·

262 3922 373 3979 mento
395 3905 583 3979 testabatur,
607 3924 641 3965 se
664 3922 722 3964 nec
745 3900 859 3964 vidisse
883 3922 940 3964 nec
963 3901 1088 3967 audisse
1103 3925 1175 3989 quae
1191 3903 1235 3967 illi
1250 3905 1398 3990 perbibe-

260 4004 349 4067 bant.
396 3992 670 4079 Divulgatumque
686 4001 735 4051 est
750 3988 959 4052 incontinenti
974 4011 1032 4074 per
1050 3990 1257 4069 Comitatum,
1279 3993 1396 4057 deinde

259 4111 319 4177 per
333 4098 435 4150 totam
451 4076 788 4165 Nordthanymbriam,
802 4078 934 4141 verbum
949 4077 1010 4142 hoc
1025 4079 1113 4166 quod
1126 4078 1203 4143 fecit
1215 4080 1394 4158 Dominus;

260 4192 294 4245 et
316 4168 457 4239 ostendit
479 4165 570 4230 nobis
593 4164 750 4229 timoratis
772 4164 814 4230 ad
832 4165 1074 4251 glorificandum
1091 4166 1210 4246 Deum,
1227 4160 1394 4234 obs'tinatis

260 4288 338 4331 vero
360 4260 402 4325 ad
424 4254 601 4322 timendum
624 4254 733 4319 Deum
755 4266 789 4319 et
811 4254 1021 4319 reverendum
1047 4254 1198 4319 Sanctum
1224 4256 1347 4342 Regem
1361 4270 1396 4322 et

260 4355 441 4437 Martyrem
460 4342 633 4410 Oswinum.
674 4342 832 4407 Horridus
843 4355 951 4407 autem
962 4342 1088 4406 satelles
1100 4365 1165 4408 uon
1177 4344 1300 4409 addidit
1310 4346 1396 4410 ultra

258 4440 401 4532 proedam
425 4434 457 4498 in
485 4432 570 4497 terra
598 4431 706 4496 Sancti
732 4431 895 4517 Martyris,
919 4429 971 4494 vel
992 4452 1132 4509 namum‚
1157 4445 1192 4495 ut
1215 4432 1261 4497 ita
1279 4433 1393 4511 dicam,

258 4540 424 4616 repetere3
448 4525 545 4589 immo
569 4520 587 4585 a
611 4519 678 4585 visu
708 4517 892 4585 monasterii
925 4518 1044 4598 Sancti,
1071 4520 1225 4586 nonnullo
1251 4534 1394 4607 tempore
