3142 5159
528 424 667 479 aarum
694 424 933 481 carnarum.
1251 408 1298 481 81

154 590 352 659 cuthbertus
367 588 432 654 suis
448 588 545 655 sacris
560 590 711 675 precibus
722 589 765 654 de
776 611 857 674 rupe
866 588 1037 654 durissima
1044 588 1167 655 fontem
1178 590 1298 672 elicuit,

153 680 207 765 qui
223 700 325 765 usque
336 679 369 741 in
380 698 523 764 praesens
535 699 634 765 aquas
645 676 826 763 perhenues
840 699 990 742 emanare
1000 699 1065 741 non
1081 676 1208 744 desiuit.
1232 680 1300 756 Qui

152 768 198 831 sic
224 766 415 831 moderante
437 766 641 851 providentia
656 766 764 830 divina
775 767 871 852 juges
886 788 986 852 aquas
1001 764 1114 842 effluit,
1131 787 1173 831 ne
1188 768 1299 832 usibus

151 852 400 919 inhabitantium
429 853 615 939 superfluat,
641 852 699 916 sed
724 875 829 940 neque
853 851 1075 917 haurientibus
1090 854 1185 939 copia
1206 854 1300 921 desit.

153 940 257 1029 Cujus
286 963 354 1005 nou
368 940 472 1026 major
492 952 541 1005 est
560 940 699 1005 latitudo
718 963 815 1027 quam
829 962 913 1025 pene
928 939 1086 1026 bipedalis
1100 941 1135 1004 in
1150 964 1302 1027 suprema

151 1032 223 1116 ejus
248 1028 428 1114 superficie,
456 1050 552 1116 quem
568 1026 650 1113 lapis
673 1026 897 1113 praegrandior
911 1027 996 1091 illius
1019 1026 1165 1093 fontisos
1178 1031 1299 1118 jugiter

151 1116 372 1202 superpositus
395 1117 509 1202 operit,
534 1137 630 1203 quem
657 1115 793 1180 Sanctus
809 1113 873 1179 Dei
889 1115 937 1179 ori
963 1113 1062 1179 fontis
1082 1116 1299 1204 superposuit.

154 1204 252 1290 Aqua
266 1225 343 1267 vero
363 1203 448 1267 illius
470 1203 545 1267 satis
561 1202 602 1265 ad
671 1203 822 1267 standum
836 1202 989 1267 dulciflua
1010 1215 1044 1267 et
1065 1204 1299 1287 aegrotantibus

151 1291 327 1376 plurimum
349 1290 460 1376 sapida
475 1304 572 1377 atque
594 1312 628 1354 sa
642 1290 756 1355 utilera
766 1291 836 1355 fore
856 1290 1023 1376 probatur.
1071 1291 1115 1355 Et
1138 1293 1214 1379 quia
1227 1292 1300 1357 fons

151 1378 207 1443 ille
216 1379 391 1464 peramplae
400 1379 535 1444 interius
547 1377 734 1455 latitudinis,
747 1378 842 1442 simul
851 1389 884 1442 et
894 1378 969 1443 altae
977 1378 1204 1464 profunditatis
1215 1402 1298 1445 sem·

151 1488 276 1553 perque
292 1489 392 1551 usque
408 1467 449 1530 ad
462 1487 621 1529 summum
633 1465 895 1530 indeficientibus
904 1464 1020 1550 plenus
1030 1478 1079 1530 est
1088 1468 1195 1554 aquis:
1213 1470 1298 1535 unde

152 1568 201 1618 est
218 1553 342 1640 quodsi
358 1554 429 1641 quis
444 1552 584 1632 lapidem
596 1553 789 1638 praedictum
802 1552 927 1618 afontis
937 1576 992 1617 ore
1003 1554 1177 1633 sustulerit,
1190 1558 1299 1622 statim

152 1663 236 1728 aqua
258 1640 414 1705 ebulliens
431 1663 528 1725 super
544 1638 653 1718 effluit,
671 1656 703 1706 et
719 1640 911 1705 violantibus
924 1640 1017 1704 undis
1034 1656 1133 1706 metas
1145 1644 1298 1731 marginis

152 1730 212 1793 sub
224 1728 378 1812 temporis
401 1746 565 1793 momento
581 1750 679 1813 super
699 1727 838 1793 excedit
887 1727 1037 1793 Festinus
1059 1728 1198 1813 proinde
1213 1733 1299 1816 quis-

151 1815 223 1901 quis
247 1837 345 1903 aquas
375 1838 448 1880 cum
472 1814 623 1893 hauserit,
650 1815 789 1900 lapidem
811 1828 955 1879 amotum
970 1815 1043 1879 loco
1068 1816 1168 1900 priori
1191 1815 1300 1883 locare

151 1903 300 1981 intendit,
325 1903 400 1990 quia
424 1904 521 1988 juxta
539 1903 625 1990 quod
643 1903 775 1968 tradunt
800 1902 913 1980 Scotti,
931 1902 956 1965 si
986 1902 1068 1989 lapis
1095 1902 1214 1967 diutius
1240 1920 1297 1970 aut

150 1990 278 2076 penitus
293 2004 419 2056 amotus
434 1991 556 2068 fuisset,
570 1991 657 2055 unda
672 1990 830 2055 ebulliens
845 2011 974 2055 omnem
991 1991 1177 2056 Scottorum
1192 1994 1298 2080 regio-

152 2100 227 2143 nem
242 2101 396 2166 aquarum
410 2078 601 2145 inundantia
615 2078 768 2164 operiret.

327 2388 444 2469 [cnr.
465 2384 831 2471 xxm-ramata».
846 2389 942 2455 aeas
958 2388 1122 2460 caram.

197 2611 380 2679 Solitariam
396 2612 493 2702 igitur
517 2610 561 2676 ibi
585 2611 653 2677 viro
677 2609 741 2676 Dei
763 2611 861 2677 vitam
885 2625 1013 2698 agente,
1030 2616 1127 2701 coepit
1142 2621 1171 2684 ei
1195 2621 1295 2688 hostis
1356 2640 1360 2645 ·

151 2715 315 2767 tortuosus
327 2724 366 2765 eo
376 2701 470 2766 altius
479 2700 624 2765 invidere
635 2721 700 2786 quo
709 2698 817 2763 locum
829 2700 898 2786 ejus
910 2704 1152 2771 couversatione
1165 2710 1295 2776 solitum

149 2790 197 2853 illi
216 2789 392 2853 conabatur
406 2789 557 2875 arripere.
607 2786 705 2861 Quod
721 2786 893 2853 advertens
909 2789 957 2852 vir
973 2789 1049 2866 Dei,
1066 2816 1193 2859 crucem
1206 2822 1295 2887 mag·

149 2899 224 2941 nam
240 2876 401 2962 lapideam
416 2877 448 2939 iu
464 2875 570 2941 media
584 2876 703 2940 montis
717 2875 855 2959 planicie
866 2876 978 2954 erexit,
989 2892 1023 2943 et
1034 2880 1116 2945 adeo
1127 2884 1160 2945 in
1170 2885 1295 2951 sullirne

149 2965 278 3043 extulit,
294 2964 382 3050 quod
406 2965 468 3027 nisi
483 2987 542 3049 per
556 2962 675 3052 gradus
698 2962 779 3025 adiri
796 2985 860 3026 non
875 2966 993 3049 possit:
1018 2968 1194 3033 oratorium
1217 2996 1294 3038 vero

149 3053 210 3117 sibi
220 3052 262 3117 de
285 3052 379 3136 lignis
403 3050 591 3115 informibus
614 3047 785 3127 exstruxit,
802 3064 834 3114 et
848 3063 962 3135 postea
977 3076 1030 3117 vas
1045 3056 1208 3141 quoddam
1226 3061 1293 3125 bal·

149 3141 295 3205 neariam
310 3139 352 3204 de
362 3138 470 3225 lapide
487 3139 613 3221 integro
622 3137 682 3201 sibi
697 3136 875 3214 fabricavit,
888 3139 976 3225 quod
986 3164 1052 3205 non
1066 3142 1161 3229 longe
1170 3169 1190 3209 a
1199 3170 1294 3215 cruce

148 3228 304 3314 praedicta
327 3227 455 3294 locavit.
506 3224 544 3288 In
560 3247 635 3311 quo,
663 3239 700 3289 ut
721 3239 878 3304 asserunt,
902 3249 986 3314 aqua
1007 3230 1150 3315 impleto,
1175 3234 1296 3303 intrare

149 3316 326 3393 consuevit,
349 3327 381 3378 et
403 3314 448 3377 ibi
471 3327 582 3377 noctes
606 3314 789 3413 insompnes
812 3315 845 3377 in
869 3316 960 3402 aquis
975 3316 1098 3401 frigidis
1115 3320 1245 3403 ducere,
1262 3339 1295 3390 et

149 3402 296 3467 manibus
307 3403 341 3465 in
356 3401 470 3466 caelum
487 3399 656 3486 protensis,
673 3400 825 3484 evigilare
841 3423 942 3489 usque
958 3404 999 3468 ad
1016 3403 1194 3473 diluculum
1216 3427 1292 3477 ante

149 3489 286 3556 Domini
301 3489 424 3554 orando
439 3499 646 3572 conspectum
662 3489 717 3574 qui
732 3486 809 3551 fecit
823 3488 924 3556 illum.
960 3489 1059 3564 Quod
1072 3514 1124 3556 vas
1140 3495 1245 3561 adhuc
1257 3501 1292 3563 in

149 3578 265 3642 montis
280 3578 399 3642 vertice
415 3588 595 3661 permanet,
608 3587 641 3638 et
653 3574 873 3659 spectaculum
884 3577 1182 3647 multaedevotionis
1194 3606 1291 3651 cunc-

149 3665 188 3728 tis
215 3664 414 3729 intuentibus
443 3663 578 3749 praebet.
626 3661 754 3737 Quibus
785 3664 854 3749 ejus
884 3662 944 3745 piis
970 3666 1121 3749 operibus
1144 3668 1292 3739 diabolus

148 3754 288 3817 atrocius
312 3751 468 3829 invidens,
499 3773 555 3814 vas
578 3748 638 3813 sibi
665 3748 752 3813 aliud
768 3749 932 3835 lapideum
954 3751 987 3815 in
1004 3753 1146 3840 ejusdem
1171 3761 1290 3826 montis

147 3840 319 3926 supercilio
327 3837 444 3916 effecit,
454 3838 544 3925 quasi
554 3837 617 3901 Dei
628 3859 722 3902 servo
731 3836 895 3913 illusurus3
913 3838 1131 3905 habitaculum
1142 3844 1296 3917 balneare

147 3926 339 3993 construxit.
387 3927 451 3993 Sed
464 3924 628 3990 vasculum
646 3925 756 3990 Sancti
773 3924 948 3991 moderatae
960 3942 1010 3992 est
1022 3929 1219 4015 quantitatis,
1238 3960 1293 4005 vas

147 4038 227 4079 vero
242 4014 413 4080 adversarii
429 4013 649 4101 incompositae
664 4027 697 4076 et
712 4013 852 4077 enormis
867 4015 1105 4104 magnitudinis.
1140 4020 1291 4096 Quadam

147 4102 287 4190 denique
302 4101 354 4167 die
371 4100 418 4165 vir
432 4100 497 4167 Dei
510 4098 727 4165 colluctatoris
743 4100 792 4165 sui
802 4101 930 4167 inimica
945 4104 1156 4171 contubernia
1170 4111 1290 4178 diutius

146 4190 304 4255 sustinere
315 4189 430 4267 noluit,
447 4188 522 4275 quia
536 4188 619 4253 inter
635 4208 761 4252 servum
779 4188 841 4253 Dei
856 4203 890 4255 et
908 4190 1010 4255 Belial
1026 4193 1115 4258 nulla
1125 4216 1294 4266 conversa·

147 4279 194 4342 tio
210 4301 279 4343 esse
293 4277 410 4363 potuit,
426 4275 543 4341 fustem
558 4274 782 4364 praegrandem
798 4276 888 4364 quasi
909 4278 1018 4361 palum
1035 4280 1163 4346 fullonis
1177 4286 1293 4376 arripi.

147 4386 203 4433 ens
218 4377 251 4432 et
262 4364 388 4432 hostem
403 4362 586 4453 insequens,
602 4361 644 4429 de
658 4361 732 4428 loco
746 4362 780 4428 in
795 4363 903 4431 locum
917 4363 1008 4434 illum
1023 4366 1158 4455 pepulit,
1174 4381 1207 4439 et
1218 4393 1292 4462 per.
