3142 5159
450 474 451 477 ⁸
554 496 666 577 ΒΒΒΒΒ
694 498 915 547 ΒΒΒΒοΒΒΒ.
1297 478 1341 560 9Ν

164 656 226 723 sed
238 678 295 743 pet
311 650 509 743 martyrium,
526 625 562 722 ut
578 635 733 743 providit,
742 660 783 723 ad
795 659 913 744 gaudia
928 642 1019 742 regni
1010 641 1166 723 caelestis
1176 659 1322 723 anhelo?

172 746 254 809 Hoec
285 747 399 809 effatus
434 743 669 810 sanctissimus
689 745 773 823 Rex,
807 746 988 845 hujusmodi
1019 745 1102 809 fudit
1133 746 1322 809 orationem

172 834 308 897 “Pater
330 832 528 897 miseriarum
551 845 584 897 et
607 833 706 897 totius
730 832 956 897 consolationis
982 832 1084 932 Deus,
1109 835 1199 917 cujus
1225 832 1324 896 Filius

169 920 278 1019 magni
297 919 419 983 consilii
440 921 583 1019 angelus,
604 923 693 1019 cujus
714 920 873 1029 Spiritus
866 943 898 983 1n
914 919 1066 1005 pressuris
1082 919 1264 1019 paraclitus,
1282 919 1326 983 da

169 1006 270 1069 mihi⁸
261 1028 295 1069 tn
314 1019 413 1070 tantae
430 1006 586 1091 angustiae
606 1007 755 1073 instantia
775 1007 941 1071 meliorem
958 1006 1122 1090 eligere
1094 1029 1189 1070 viam
1239 1006 1325 1081 Quia

170 1094 197 1158 si
224 1094 311 1157 bello
334 1094 523 1194 conflixero,
543 1093 700 1158 fundendi
719 1094 884 1177 sanguinis
903 1116 1012 1158 coram
1033 1105 1065 1157 te
1085 1116 1158 1157 reus
1174 1116 1325 1179 appareo.

170 1180 208 1245 Si
224 1180 361 1266 lugam
353 1180 464 1260 micro,
487 1195 520 1245 et
536 1181 674 1280 propriae
689 1180 839 1265 dignitati
858 1194 891 1245 et
910 1194 1079 1265 parentum
1094 1180 1253 1245 nobilitati
1268 1182 1327 1243 de-

169 1290 270 1351 gener
289 1290 439 1353 appareo.
492 1268 535 1332 Et
555 1267 735 1332 hominibus
755 1267 880 1351 fugiens
900 1267 1064 1352 displiceo,
1085 1282 1119 1331 et
1138 1267 1215 1331 Tibi
1234 1266 1327 1331 dimi-

170 1356 276 1418 cansss'
325 1355 406 1420 Haec
425 1367 459 1419 et
475 1354 507 1417 in
522 1356 607 1420 hunc
626 1355 758 1419 modum
773 1355 889 1420 similia
905 1355 980 1420 Deo
998 1354 1174 1432 confidens,
1195 1354 1326 1419 tandem

170 1438 292 1505 consilii
311 1444 360 1505 sui
381 1443 546 1506 anchora
539 1466 571 1505 m
588 1443 662 1507 Deo
681 1444 747 1507 fixa
768 1443 906 1529 qualiter
923 1441 996 1505 Deo
1016 1442 1170 1525 placeret,
1190 1464 1250 1505 nec
1268 1441 1327 1505 ho-

170 1528 308 1593 minibus
325 1529 518 1613 displiceret,
532 1542 673 1593 mentem
689 1530 798 1594 subiit.
846 1529 1175 1615 Remittendumque
1167 1553 1200 1593 tn
1213 1529 1327 1592 domos

170 1638 242 1679 suas
259 1616 424 1700 populum,
437 1616 647 1715 bellumque
639 1617 850 1715 importunius
862 1617 904 1680 ad
920 1630 1045 1701 tempus
1055 1616 1325 1725 suspendendum,

170 1725 279 1801 seque
281 1725 444 1766 secessum
461 1702 590 1801 aliquod
606 1726 646 1787 pe
649 1705 794 1779 itturum,
812 1704 1001 1787 primatibus
1017 1703 1115 1788 prius,
1133 1703 1250 1768 deinde
1267 1703 1327 1767 toti

171 1788 330 1852 exercitui
354 1789 522 1873 suggessit,
539 1790 696 1875 hujusque
712 1789 835 1853 consilii
857 1790 1015 1854 rationem
1036 1790 1186 1875 exposuit
1206 1790 1327 1854 dicens.

169 1875 269 1939 “Me
285 1876 389 1939 solum
405 1876 445 1939 ad
462 1875 663 1960 perdendum
675 1878 791 1961 quoerit
807 1876 1017 1976 adversarius,
1033 1899 1130 1962 quem
1144 1877 1222 1941 stab
1234 1899 1328 1941 exer-

170 1961 238 2025 citu
261 1962 437 2026 declinasse
456 1962 604 2041 audierit,
625 1962 789 2026 furoris·
762 1986 830 2047 eJus
844 1963 984 2048 impetus
999 1964 1203 2047 reprimetur,
1220 1986 1328 2027 rever-

170 2063 360 2149 tentemque
376 2048 555 2113 exercitum
574 2072 639 2113 uon
657 2063 881 2151 persequetur.
931 2050 1035 2115 Sed
1012 2074 1038 2113 st
1053 2074 1105 2114 me
1121 2050 1153 2113 in
1165 2066 1329 2114 reverten-

170 2135 254 2199 tium
269 2136 367 2200 comit
355 2148 423 2200 tatu
444 2159 513 2201 esse
532 2136 691 2213 didicerit,
709 2137 840 2202 instabit
859 2137 1009 2215 atrocius,
1030 2139 1154 2224 eritque
1169 2162 1186 2200 e
1172 2135 1328 2202 duobus

171 2244 270 2286 unum
293 2246 336 2287 ex
355 2224 547 2287 necessitate
564 2185 758 2307 eligendum,
777 2238 833 2290 aut
849 2224 981 2289 viriliter
997 2225 1165 2289 resistendi
1180 2225 1329 2288 animosi-

169 2323 231 2387 tas,
250 2316 305 2374 aut
315 2324 416 2409 'terga
432 2310 578 2375 vertendi
600 2311 850 2395 degenerositas.
899 2311 1008 2411 Terga
1025 2334 1104 2396 ergo
1121 2325 1245 2376 vertere
1263 2334 1330 2376 non

172 2396 415 2474 consuevimus,
432 2411 465 2461 et
479 2398 555 2461 idco
571 2420 646 2461 ecce
662 2421 803 2462 seorsum
820 2400 861 2462 ab
877 2398 1022 2462 exercitu
1038 2391 1175 2476 declino,
1191 2399 1260 2463 fido
1275 2422 1329 2463 co·

172 2485 303 2547 mitatus
323 2445 497 2548 Tondhcre
516 2484 619 2569 Tylsii
630 2484 707 2562 filio,
723 2482 913 2583 comitisque
928 2507 993 2547 met
983 2484 1183 2548 Hunwaldi
1196 2485 1329 2549 domum

174 2570 216 2634 de
237 2584 332 2634 nocte
353 2571 455 2645 adeo3
467 2593 568 2685 quem
588 2570 683 2633 etiarn
705 2570 783 2634 mihi
803 2572 904 2634 fidum
920 2571 1029 2648 eredo,
1049 2571 1125 2657 quia
1138 2570 1172 2635 id
1187 2594 1239 2635 me
1255 2595 1330 2656 pro·
1415 2621 1418 2627 .

172 2656 329 2721 meruisse
344 2657 484 2720 recolo.”
527 2656 652 2729 Quibus
666 2656 772 2734 dictis,
790 2657 914 2721 athleta
930 2654 1029 2721 Cristi
1042 2656 1221 2721 exercitum
1236 2681 1329 2722 suum

174 2744 306 2807 domurn
331 2742 463 2821 remisit,
489 2756 522 2807 et
547 2765 619 2807 cum
643 2766 709 2806 uno
733 2757 859 2809 tantum
882 2744 942 2808 sibi
965 2766 1040 2808 caro
1063 2744 1175 2822 milite,
1200 2746 1330 2809 nomine

173 2830 332 2895 Tondber
350 2830 452 2929 Tylsii
472 2829 577 2930 filio,⁸
569 2854 601 2893 1n
622 2830 835 2915 Gethlingum
850 2833 1003 2907 secessit3
1023 2832 1218 2931 domumque
1237 2834 1330 2896 Hun-

174 2918 269 2982 waldi
288 2941 336 2981 sm
328 2917 452 2995 ducis,
466 2917 517 2981 cui
530 2917 627 2981 etiam
644 2918 875 3003 praedictum
848 2941 951 2982 vicum
963 2930 997 2982 et
1012 2919 1114 2982 multa
1129 2919 1192 2983 alia
1207 2920 1330 3004 praedia

171 3006 360 3105 donaverat,
382 3027 477 3091 quem
494 3017 527 3069 et
543 3005 585 3068 ob
604 3005 665 3067 hoc
681 3005 740 3070 sibi
756 3006 857 3069 fidum
872 3006 1071 3084 autumabat,
1084 3028 1200 3107 pacem
1216 3006 1279 3069 suis
1295 3020 1329 3071 et

174 3092 273 3156 vitam
297 3092 509 3177 praeoptando
533 3105 571 3155 ut
595 3104 670 3156 ante
696 3109 908 3157 consueverat
933 3091 1053 3171 revisit,
1078 3093 1176 3178 juxta
1195 3094 1330 3157 verbum

176 3179 309 3244 Domini
324 3180 366 3243 ad
381 3178 551 3264 discipulos
567 3202 640 3242 snos
656 3178 802 3258 dicentiS,
827 3190 849 3220 “
864 3179 898 3244 Si
913 3202 971 3243 vos
986 3180 1146 3264 persecuti
1161 3180 1304 3245 fuerint'
1296 3205 1330 3244 m

173 3266 239 3329 una
253 3266 362 3330 civitat
364 3290 394 3344 e,
407 3266 533 3367 fugite
525 3266 705 3342 tnaliam3”
721 3267 854 3331 undeet
873 3267 992 3331 Paulus
1008 3266 1064 3345 ait,
1083 3277 1106 3309 “
1118 3267 1206 3332 Date
1222 3269 1329 3333 locum

173 3353 262 3416 irae.”
312 3352 492 3417 Constitit
481 3353 582 3437 agitur
597 3353 638 3419 de
657 3314 713 3418 illo
734 3352 912 3431 manifesti,
930 3353 1006 3454 quia
1020 3354 1046 3417 si
1065 3377 1124 3439 pro
1135 3355 1255 3439 populo
1271 3379 1330 3419 suo

173 3462 257 3503 mort
248 3438 435 3518 ⁸noluisset,
451 3462 680 3541 nequaqnam
668 3462 707 3503 eo
723 3441 854 3505 dimisso
870 3440 1050 3525 proximam
1064 3466 1113 3505 sur
1104 3442 1217 3505 'ducis
1236 3443 1331 3506 Hun-

176 3525 271 3589 waldi
304 3488 436 3589 dommi
470 3527 639 3611 presertim
673 3527 807 3591 inimicis
841 3528 1046 3591 circundatus
1080 3529 1167 3591 solus
1200 3528 1330 3594 adisset.

177 3612 267 3677 Alias
283 3624 392 3676 autem
404 3612 452 3677 sui
468 3636 598 3697 compos
614 3612 797 3677 liberandus
810 3614 1040 3692 divertisset,
1016 3638 1043 3678 st
1057 3615 1110 3700 pis
1125 3614 1258 3681 caritate
1270 3638 1329 3701 pro

177 3699 242 3763 suis
259 3699 346 3763 velut
363 3698 443 3762 aries
459 3699 500 3763 de
512 3722 613 3784 grege
630 3700 751 3764 electus
767 3702 852 3764 solus
868 3703 1059 3767 occumbere
1074 3725 1140 3766 non
1155 3703 1329 3767 maluisset

179 3786 357 3851 Decrevit⁸
349 3800 457 3885 ltaque
473 3786 522 3849 vir
537 3786 776 3851 beatissimus⁸
753 3811 808 3866 stc,
825 3788 878 3852 vel
893 3790 935 3853 ad
951 3788 1112 3853 modicum
1130 3790 1241 3854 mortis
1256 3812 1331 3875 pro-

173 3874 278 3937 telare
294 3872 497 3951 sententiam,
515 3874 567 3937 cui
583 3887 687 3937 tamen
703 3875 952 3940 ferventissimus
965 3899 1054 3939 amor
1066 3876 1179 3955 inerat,
1193 3876 1330 3941 liberato

173 3961 297 4045 populo
308 3960 477 4045 pervenire
493 3960 585 4061 eitius
601 3961 643 4025 ad
658 3984 821 4026 eoronam.
869 3963 913 4027 Et
927 3965 1010 4027 bene
1026 3963 1086 4028 sibi
1100 3964 1255 4064 conscius,
1273 3966 1332 4028 do-

175 4070 266 4111 mum
290 4047 337 4111 sui
359 4047 457 4111 tradit
445 4047 522 4111 toris
543 4070 616 4111 eum
636 4071 700 4111 uno
721 4060 848 4113 tantum
866 4050 992 4114 milite⁸
984 4051 1216 4151 imperterritus
1232 4052 1330 4127 adiit3

175 4133 305 4197 imitans
320 4134 410 4197 illurn
430 4157 484 4234 qm
476 4134 656 4198 'mundum
676 4136 900 4221 redempturus
920 4160 985 4200 non
996 4138 1128 4253 invitus,
1143 4139 1202 4202 sed
1217 4138 1331 4223 sponte

174 4220 285 4285 locum
310 4244 376 4285 suae
397 4221 550 4305 passionis
574 4222 719 4307 appetiit.
767 4223 871 4297 “Qui
897 4224 1004 4302 enim,'
1006 4225 1133 4310 ’inquit
1155 4226 1329 4325 Johannes,

175 4318 203 4349 ⁴‘
220 4307 312 4372 vult
305 4332 336 4371 tn
356 4308 464 4372 Cristo
479 4331 618 4387 manere,
642 4309 740 4373 debet
755 4310 837 4374 sicut
852 4311 906 4375 ille
930 4311 1116 4389 ambulavit,
1134 4326 1167 4375 et
1183 4312 1249 4396 ipse
1264 4334 1331 4375 am-

173 4396 319 4461 balare.''
359 4395 468 4459 Felix'
460 4408 568 4483 rtaque
581 4394 765 4497 discipulus,
778 4398 926 4462 felicem
917 4399 1058 4463 imitatus
1070 4411 1119 4463 est
1131 4398 1329 4498 magistrum,

175 4481 254 4549 dum
285 4496 318 4548 et
346 4482 502 4569 magister
530 4496 637 4549 ortum
667 4484 760 4567 petiit
785 4508 850 4572 quo
871 4487 1068 4564 traderetur,
1100 4498 1133 4549 et
1157 4485 1330 4571 discipulus
