<?xml version="1.0" encoding="UTF-8"?>
<!DOCTYPE html PUBLIC "-//W3C//DTD XHTML 1.0 Transitional//EN"
    "http://www.w3.org/TR/xhtml1/DTD/xhtml1-transitional.dtd">
<html xmlns="http://www.w3.org/1999/xhtml" xml:lang="en" lang="en">
 <head>
  <title>
</title>
<meta http-equiv="Content-Type" content="text/html;charset=utf-8" />
  <meta name='ocr-system' content='tesseract 3.04.00' />
  <meta name='ocr-capabilities' content='ocr_page ocr_carea ocr_par ocr_line ocrx_word'/>
</head>
<body>
  <div class='ocr_page' id='page_1' title='image "./miscellaneabiog02raingoog_0060.png"; bbox 0 0 3142 5159; ppageno 0'>
   <div class='ocr_carea' id='block_1_1' title="bbox 263 406 956 475">
    <p class='ocr_par' dir='ltr' id='par_1_1' title="bbox 263 406 956 475">
     <span class='ocr_line' id='line_1_1' title="bbox 263 406 956 475; baseline 0.003 -2"><span class='ocrx_word' id='word_1_1' title='bbox 263 406 313 473; x_wconf 77' lang='lat'>40</span> <span class='ocrx_word' id='word_1_2' title='bbox 703 426 794 475; x_wconf 77' lang='lat' dir='ltr'>vrrn</span> <span class='ocrx_word' id='word_1_3' title='bbox 821 423 956 475; x_wconf 83' lang='lat' dir='ltr'>oswrm</span> 
     </span>
    </p>
   </div>
   <div class='ocr_carea' id='block_1_2' title="bbox 271 670 1436 757">
    <p class='ocr_par' dir='ltr' id='par_1_2' title="bbox 271 670 1436 757">
     <span class='ocr_line' id='line_1_2' title="bbox 271 670 1436 757; baseline -0.003 -19"><span class='ocrx_word' id='word_1_4' title='bbox 271 670 369 738; x_wconf 82' lang='lat' dir='ltr'><em>CAP.</em></span> <span class='ocrx_word' id='word_1_5' title='bbox 395 672 726 754; x_wconf 77' lang='lat' dir='ltr'>XXVL-Quomodc</span> <span class='ocrx_word' id='word_1_6' title='bbox 748 678 781 738; x_wconf 82' lang='lat' dir='ltr'>in</span> <span class='ocrx_word' id='word_1_7' title='bbox 805 676 994 741; x_wconf 77' lang='lat' dir='ltr'>dienatalis</span> <span class='ocrx_word' id='word_1_8' title='bbox 1017 676 1093 757; x_wconf 81' lang='lat' dir='ltr'>ejas,</span> <span class='ocrx_word' id='word_1_9' title='bbox 1115 678 1230 739; x_wconf 64' lang='lat' dir='ltr'>ccam</span> <span class='ocrx_word' id='word_1_10' title='bbox 1253 675 1307 737; x_wconf 83' lang='lat' dir='ltr'>ab</span> <span class='ocrx_word' id='word_1_11' title='bbox 1342 674 1436 735; x_wconf 81' lang='lat' dir='ltr'>omri</span> 
     </span>
    </p>
   </div>
   <div class='ocr_carea' id='block_1_3' title="bbox 354 761 1434 933">
    <p class='ocr_par' dir='ltr' id='par_1_3' title="bbox 354 761 1434 933">
     <span class='ocr_line' id='line_1_3' title="bbox 355 761 1434 846; baseline -0.002 -21"><span class='ocrx_word' id='word_1_12' title='bbox 355 782 444 843; x_wconf 83' lang='lat' dir='ltr'>opere</span> <span class='ocrx_word' id='word_1_13' title='bbox 457 764 563 825; x_wconf 77' lang='lat' dir='ltr'>canili</span> <span class='ocrx_word' id='word_1_14' title='bbox 577 764 762 841; x_wconf 67' lang='lat' dir='ltr'>vacantrbua</span> <span class='ocrx_word' id='word_1_15' title='bbox 778 784 863 846; x_wconf 74' lang='lat' dir='ltr'>sepes</span> <span class='ocrx_word' id='word_1_16' title='bbox 879 765 1038 845; x_wconf 82' lang='lat' dir='ltr'>cujusdam</span> <span class='ocrx_word' id='word_1_17' title='bbox 1051 765 1163 839; x_wconf 68' lang='lat' dir='ltr'>derat,</span> <span class='ocrx_word' id='word_1_18' title='bbox 1179 783 1275 846; x_wconf 79' lang='lat' dir='ltr'>quam</span> <span class='ocrx_word' id='word_1_19' title='bbox 1295 765 1339 824; x_wconf 80' lang='lat' dir='ltr'>in</span> <span class='ocrx_word' id='word_1_20' title='bbox 1355 761 1434 822; x_wconf 74' lang='lat' dir='ltr'>aar·</span> 
     </span>
     <span class='ocr_line' id='line_1_4' title="bbox 354 854 1361 933; baseline 0 -22"><span class='ocrx_word' id='word_1_21' title='bbox 354 868 439 914; x_wconf 81' lang='lat' dir='ltr'>ream</span> <span class='ocrx_word' id='word_1_22' title='bbox 452 870 540 914; x_wconf 81' lang='lat' dir='ltr'>suum</span> <span class='ocrx_word' id='word_1_23' title='bbox 553 854 732 928; x_wconf 71' lang='lat' dir='ltr'>miscuerat,</span> <span class='ocrx_word' id='word_1_24' title='bbox 747 872 816 917; x_wconf 73' lang='lat' dir='ltr'>mm</span> <span class='ocrx_word' id='word_1_25' title='bbox 829 854 900 933; x_wconf 77' lang='grc' dir='ltr'>ἱρεᾶ</span> <span class='ocrx_word' id='word_1_26' title='bbox 913 854 999 915; x_wconf 83' lang='lat' dir='ltr'>domo</span> <span class='ocrx_word' id='word_1_27' title='bbox 1013 854 1082 933; x_wconf 72' lang='lat' dir='ltr'>ique</span> <span class='ocrx_word' id='word_1_28' title='bbox 1095 859 1275 932; x_wconf 75' lang='lat' dir='ltr'>consumpta</span> <span class='ocrx_word' id='word_1_29' title='bbox 1291 857 1361 913; x_wconf 76' lang='lat' dir='ltr'>est.</span> 
     </span>
    </p>
   </div>
   <div class='ocr_carea' id='block_1_4' title="bbox 269 1020 1433 2492">
    <p class='ocr_par' dir='ltr' id='par_1_4' title="bbox 269 1020 1433 2492">
     <span class='ocr_line' id='line_1_5' title="bbox 316 1020 1433 1110; baseline -0.005 -23"><span class='ocrx_word' id='word_1_30' title='bbox 316 1022 477 1109; x_wconf 86' lang='lat' dir='ltr'><strong>Tempore</strong></span> <span class='ocrx_word' id='word_1_31' title='bbox 491 1046 556 1110; x_wconf 90' lang='lat' dir='ltr'>quo</span> <span class='ocrx_word' id='word_1_32' title='bbox 570 1023 761 1089; x_wconf 86' lang='lat' dir='ltr'>monasterio</span> <span class='ocrx_word' id='word_1_33' title='bbox 781 1024 906 1088; x_wconf 81' lang='lat' dir='ltr'>Sanctae</span> <span class='ocrx_word' id='word_1_34' title='bbox 926 1023 990 1089; x_wconf 93' lang='lat' dir='ltr'>Dei</span> <span class='ocrx_word' id='word_1_35' title='bbox 1008 1022 1188 1104; x_wconf 85' lang='lat' dir='ltr'>Genetricis</span> <span class='ocrx_word' id='word_1_36' title='bbox 1202 1022 1244 1088; x_wconf 90' lang='lat' dir='ltr'>de</span> <span class='ocrx_word' id='word_1_37' title='bbox 1263 1020 1433 1085; x_wconf 80' lang='lat' dir='ltr'>Wrmun-</span> 
     </span>
     <span class='ocr_line' id='line_1_6' title="bbox 270 1109 1431 1198; baseline -0.003 -23"><span class='ocrx_word' id='word_1_38' title='bbox 270 1109 386 1175; x_wconf 89' lang='lat' dir='ltr'>debam</span> <span class='ocrx_word' id='word_1_39' title='bbox 404 1112 531 1176; x_wconf 91' lang='lat' dir='ltr'>nomine</span> <span class='ocrx_word' id='word_1_40' title='bbox 551 1112 667 1176; x_wconf 90' lang='lat' dir='ltr'>Prioris</span> <span class='ocrx_word' id='word_1_41' title='bbox 682 1110 808 1197; x_wconf 87' lang='lat' dir='ltr'>praefui,</span> <span class='ocrx_word' id='word_1_42' title='bbox 824 1111 958 1198; x_wconf 90' lang='lat' dir='ltr'>contigit</span> <span class='ocrx_word' id='word_1_43' title='bbox 973 1110 1005 1175; x_wconf 92' lang='lat' dir='ltr'>in</span> <span class='ocrx_word' id='word_1_44' title='bbox 1021 1111 1094 1176; x_wconf 73' lang='lat' dir='ltr'>villa</span> <span class='ocrx_word' id='word_1_45' title='bbox 1107 1111 1161 1175; x_wconf 78' lang='lat' dir='ltr'>ills</span> <span class='ocrx_word' id='word_1_46' title='bbox 1174 1110 1262 1198; x_wconf 90' lang='lat' dir='ltr'>quod</span> <span class='ocrx_word' id='word_1_47' title='bbox 1277 1130 1431 1173; x_wconf 89' lang='lat' dir='ltr'>narrare</span> 
     </span>
     <span class='ocr_line' id='line_1_7' title="bbox 269 1195 1430 1285; baseline -0.005 -22"><span class='ocrx_word' id='word_1_48' title='bbox 269 1197 402 1263; x_wconf 88' lang='lat' dir='ltr'>instituo</span> <span class='ocrx_word' id='word_1_49' title='bbox 424 1199 621 1264; x_wconf 82' lang='lat' dir='ltr'><strong>miraculum.</strong></span> <span class='ocrx_word' id='word_1_50' title='bbox 666 1199 730 1264; x_wconf 91' lang='lat' dir='ltr'>Die</span> <span class='ocrx_word' id='word_1_51' title='bbox 753 1198 905 1285; x_wconf 79' lang='lat' dir='ltr'>passionis</span> <span class='ocrx_word' id='word_1_52' title='bbox 932 1199 1040 1264; x_wconf 85' lang='lat' dir='ltr'>Sancti</span> <span class='ocrx_word' id='word_1_53' title='bbox 1066 1197 1163 1285; x_wconf 87' lang='lat' dir='ltr'>Regis</span> <span class='ocrx_word' id='word_1_54' title='bbox 1192 1212 1227 1263; x_wconf 92' lang='lat' dir='ltr'>et</span> <span class='ocrx_word' id='word_1_55' title='bbox 1251 1195 1430 1282; x_wconf 85' lang='lat' dir='ltr'>Martyris</span> 
     </span>
     <span class='ocr_line' id='line_1_8' title="bbox 275 1282 1429 1376; baseline -0.006 -23"><span class='ocrx_word' id='word_1_56' title='bbox 275 1285 404 1364; x_wconf 84' lang='lat' dir='ltr'>oswini,</span> <span class='ocrx_word' id='word_1_57' title='bbox 444 1288 497 1351; x_wconf 89' lang='lat' dir='ltr'>uia</span> <span class='ocrx_word' id='word_1_58' title='bbox 519 1286 670 1351; x_wconf 81' lang='lat' dir='ltr'>serenitas</span> <span class='ocrx_word' id='word_1_59' title='bbox 693 1299 762 1352; x_wconf 88' lang='lat' dir='ltr'>erat</span> <span class='ocrx_word' id='word_1_60' title='bbox 783 1287 933 1365; x_wconf 89' lang='lat' dir='ltr'>maxima,</span> <span class='ocrx_word' id='word_1_61' title='bbox 953 1287 1110 1376; x_wconf 87' lang='lat' dir='ltr'>Rogerius</span> <span class='ocrx_word' id='word_1_62' title='bbox 1133 1286 1262 1373; x_wconf 89' lang='lat' dir='ltr'>quidam</span> <span class='ocrx_word' id='word_1_63' title='bbox 1277 1282 1429 1349; x_wconf 90' lang='lat' dir='ltr'>subdia-</span> 
     </span>
     <span class='ocr_line' id='line_1_9' title="bbox 271 1310 1428 1459; baseline -0.005 -20"><span class='ocrx_word' id='word_1_64' title='bbox 271 1396 369 1440; x_wconf 87' lang='lat' dir='ltr'>conus</span> <span class='ocrx_word' id='word_1_65' title='bbox 381 1310 565 1459; x_wconf 85' lang='lat' dir='ltr'>colligendis</span> <span class='ocrx_word' id='word_1_66' title='bbox 580 1374 722 1459; x_wconf 86' lang='lat' dir='ltr'>frugibus</span> <span class='ocrx_word' id='word_1_67' title='bbox 744 1374 819 1453; x_wconf 89' lang='lat' dir='ltr'>suis,</span> <span class='ocrx_word' id='word_1_68' title='bbox 836 1398 909 1439; x_wconf 85' lang='lat' dir='ltr'>curn</span> <span class='ocrx_word' id='word_1_69' title='bbox 923 1374 1010 1440; x_wconf 92' lang='lat' dir='ltr'>omni</span> <span class='ocrx_word' id='word_1_70' title='bbox 1024 1374 1141 1459; x_wconf 68' lang='lat' dir='ltr'>familia</span> <span class='ocrx_word' id='word_1_71' title='bbox 1155 1374 1311 1439; x_wconf 81' lang='lat' dir='ltr'>ardenter</span> <span class='ocrx_word' id='word_1_72' title='bbox 1329 1372 1428 1435; x_wconf 92' lang='lat' dir='ltr'>iusu-</span> 
     </span>
     <span class='ocr_line' id='line_1_10' title="bbox 270 1460 1424 1563; baseline -0.004 -36"><span class='ocrx_word' id='word_1_73' title='bbox 270 1461 387 1537; x_wconf 88' lang='lat' dir='ltr'>dabat;</span> <span class='ocrx_word' id='word_1_74' title='bbox 410 1475 443 1526; x_wconf 90' lang='lat' dir='ltr'>et</span> <span class='ocrx_word' id='word_1_75' title='bbox 466 1460 498 1525; x_wconf 91' lang='lat' dir='ltr'>in</span> <span class='ocrx_word' id='word_1_76' title='bbox 519 1484 597 1563; x_wconf 79' lang='lat' dir='ltr'>agro</span> <span class='ocrx_word' id='word_1_77' title='bbox 619 1485 677 1526; x_wconf 93' lang='lat' dir='ltr'>suo</span> <span class='ocrx_word' id='word_1_78' title='bbox 698 1485 771 1528; x_wconf 92' lang='lat' dir='ltr'>cum</span> <span class='ocrx_word' id='word_1_79' title='bbox 790 1463 875 1527; x_wconf 89' lang='lat' dir='ltr'>omni</span> <span class='ocrx_word' id='word_1_80' title='bbox 891 1462 1002 1527; x_wconf 79' lang='lat' dir='ltr'>domtis</span> <span class='ocrx_word' id='word_1_81' title='bbox 1017 1462 1252 1527; x_wconf 69' lang='lat' dir='ltr'>circumstantia</span> <span class='ocrx_word' id='word_1_82' title='bbox 1267 1474 1424 1536; x_wconf 88' lang='lat' dir='ltr'>remoto,</span> 
     </span>
     <span class='ocr_line' id='line_1_11' title="bbox 270 1548 1426 1637; baseline -0.003 -24"><span class='ocrx_word' id='word_1_83' title='bbox 270 1561 390 1613; x_wconf 86' lang='lat' dir='ltr'>metam</span> <span class='ocrx_word' id='word_1_84' title='bbox 404 1564 561 1637; x_wconf 78' lang='lat' dir='ltr'>congessit</span> <span class='ocrx_word' id='word_1_85' title='bbox 577 1548 618 1614; x_wconf 92' lang='lat' dir='ltr'>de</span> <span class='ocrx_word' id='word_1_86' title='bbox 633 1550 754 1636; x_wconf 89' lang='lat' dir='ltr'>optimo</span> <span class='ocrx_word' id='word_1_87' title='bbox 766 1550 875 1615; x_wconf 90' lang='lat' dir='ltr'>messis</span> <span class='ocrx_word' id='word_1_88' title='bbox 889 1574 956 1615; x_wconf 84' lang='lat' dir='ltr'>suae</span> <span class='ocrx_word' id='word_1_89' title='bbox 971 1549 1082 1615; x_wconf 89' lang='lat' dir='ltr'>ordeo.</span> <span class='ocrx_word' id='word_1_90' title='bbox 1127 1548 1199 1615; x_wconf 91' lang='lat' dir='ltr'>Nec</span> <span class='ocrx_word' id='word_1_91' title='bbox 1213 1572 1320 1627; x_wconf 90' lang='lat' dir='ltr'>mora,</span> <span class='ocrx_word' id='word_1_92' title='bbox 1340 1570 1426 1613; x_wconf 91' lang='lat' dir='ltr'>ecce</span> 
     </span>
     <span class='ocr_line' id='line_1_12' title="bbox 270 1636 1424 1722; baseline -0.003 -21"><span class='ocrx_word' id='word_1_93' title='bbox 270 1647 365 1702; x_wconf 88' lang='lat' dir='ltr'>nocte</span> <span class='ocrx_word' id='word_1_94' title='bbox 377 1636 530 1715; x_wconf 74' lang='lat' dir='ltr'>insecuta,</span> <span class='ocrx_word' id='word_1_95' title='bbox 545 1638 663 1703; x_wconf 86' lang='lat' dir='ltr'>Beatus</span> <span class='ocrx_word' id='word_1_96' title='bbox 678 1638 766 1703; x_wconf 87' lang='lat' dir='ltr'>Mart</span> <span class='ocrx_word' id='word_1_97' title='bbox 820 1638 964 1704; x_wconf 87' lang='lat' dir='ltr'>Oswinus</span> <span class='ocrx_word' id='word_1_98' title='bbox 976 1638 1105 1703; x_wconf 88' lang='lat' dir='ltr'>immisit</span> <span class='ocrx_word' id='word_1_99' title='bbox 1115 1637 1223 1722; x_wconf 85' lang='lat' dir='ltr'>ignem</span> <span class='ocrx_word' id='word_1_100' title='bbox 1232 1637 1424 1701; x_wconf 88' lang='lat' dir='ltr'>sulfureum</span> 
     </span>
     <span class='ocr_line' id='line_1_13' title="bbox 270 1725 1424 1815; baseline -0.001 -27"><span class='ocrx_word' id='word_1_101' title='bbox 270 1725 304 1788; x_wconf 90' lang='lat' dir='ltr'>in</span> <span class='ocrx_word' id='word_1_102' title='bbox 318 1738 448 1803; x_wconf 86' lang='lat' dir='ltr'>metam,</span> <span class='ocrx_word' id='word_1_103' title='bbox 465 1739 498 1791; x_wconf 88' lang='lat' dir='ltr'>et</span> <span class='ocrx_word' id='word_1_104' title='bbox 513 1725 638 1815; x_wconf 87' lang='lat' dir='ltr'>redegit</span> <span class='ocrx_word' id='word_1_105' title='bbox 652 1726 685 1789; x_wconf 94' lang='lat' dir='ltr'>in</span> <span class='ocrx_word' id='word_1_106' title='bbox 700 1726 762 1792; x_wconf 90' lang='lat' dir='ltr'>favi</span> <span class='ocrx_word' id='word_1_107' title='bbox 776 1726 860 1803; x_wconf 80' lang='lat' dir='ltr'>lam3</span> <span class='ocrx_word' id='word_1_108' title='bbox 874 1749 934 1791; x_wconf 88' lang='lat' dir='ltr'>nec</span> <span class='ocrx_word' id='word_1_109' title='bbox 945 1726 1093 1812; x_wconf 87' lang='lat' dir='ltr'>stipulam</span> <span class='ocrx_word' id='word_1_110' title='bbox 1103 1726 1219 1791; x_wconf 86' lang='lat' dir='ltr'>siccam</span> <span class='ocrx_word' id='word_1_111' title='bbox 1233 1738 1332 1790; x_wconf 85' lang='lat' dir='ltr'>extra</span> <span class='ocrx_word' id='word_1_112' title='bbox 1348 1746 1424 1787; x_wconf 88' lang='lat' dir='ltr'>me-</span> 
     </span>
     <span class='ocr_line' id='line_1_14' title="bbox 271 1813 1425 1902; baseline -0.001 -24"><span class='ocrx_word' id='word_1_113' title='bbox 271 1827 337 1879; x_wconf 88' lang='lat' dir='ltr'>tam</span> <span class='ocrx_word' id='word_1_114' title='bbox 348 1813 494 1899; x_wconf 81' lang='lat' dir='ltr'>positam,</span> <span class='ocrx_word' id='word_1_115' title='bbox 505 1814 581 1879; x_wconf 88' lang='lat' dir='ltr'>licet</span> <span class='ocrx_word' id='word_1_116' title='bbox 593 1814 782 1899; x_wconf 87' lang='lat' dir='ltr'>proximam,</span> <span class='ocrx_word' id='word_1_117' title='bbox 795 1814 829 1877; x_wconf 90' lang='lat' dir='ltr'>in</span> <span class='ocrx_word' id='word_1_118' title='bbox 843 1814 950 1902; x_wconf 92' lang='lat' dir='ltr'>aliquo</span> <span class='ocrx_word' id='word_1_119' title='bbox 965 1813 1072 1899; x_wconf 90' lang='lat' dir='ltr'>tetigit</span> <span class='ocrx_word' id='word_1_120' title='bbox 1080 1814 1133 1879; x_wconf 87' lang='lat' dir='ltr'>vel</span> <span class='ocrx_word' id='word_1_121' title='bbox 1143 1814 1236 1878; x_wconf 84' lang='lat' dir='ltr'>laesit.</span> <span class='ocrx_word' id='word_1_122' title='bbox 1269 1813 1310 1877; x_wconf 92' lang='lat' dir='ltr'>In</span> <span class='ocrx_word' id='word_1_123' title='bbox 1327 1833 1425 1877; x_wconf 87' lang='lat' dir='ltr'>cras·</span> 
     </span>
     <span class='ocr_line' id='line_1_15' title="bbox 269 1900 1419 1988; baseline -0.002 -23"><span class='ocrx_word' id='word_1_124' title='bbox 269 1900 340 1967; x_wconf 91' lang='lat' dir='ltr'>tino</span> <span class='ocrx_word' id='word_1_125' title='bbox 348 1902 391 1967; x_wconf 91' lang='lat' dir='ltr'>ad</span> <span class='ocrx_word' id='word_1_126' title='bbox 402 1925 517 1967; x_wconf 91' lang='lat' dir='ltr'>messes</span> <span class='ocrx_word' id='word_1_127' title='bbox 526 1924 597 1967; x_wconf 92' lang='lat' dir='ltr'>suas</span> <span class='ocrx_word' id='word_1_128' title='bbox 609 1914 816 1988; x_wconf 83' lang='lat' dir='ltr'>properantes</span> <span class='ocrx_word' id='word_1_129' title='bbox 827 1902 930 1981; x_wconf 87' lang='lat' dir='ltr'>vicini,</span> <span class='ocrx_word' id='word_1_130' title='bbox 941 1901 1090 1968; x_wconf 88' lang='lat' dir='ltr'>viderunt</span> <span class='ocrx_word' id='word_1_131' title='bbox 1098 1915 1217 1967; x_wconf 91' lang='lat' dir='ltr'>metam</span> <span class='ocrx_word' id='word_1_132' title='bbox 1227 1901 1419 1976; x_wconf 83' lang='lat' dir='ltr'>ardentem,</span> 
     </span>
     <span class='ocr_line' id='line_1_16' title="bbox 270 1986 1421 2079; baseline -0.003 -26"><span class='ocrx_word' id='word_1_133' title='bbox 270 2003 305 2053; x_wconf 90' lang='lat' dir='ltr'>et</span> <span class='ocrx_word' id='word_1_134' title='bbox 316 2002 413 2055; x_wconf 88' lang='lat' dir='ltr'>testes</span> <span class='ocrx_word' id='word_1_135' title='bbox 426 1989 553 2054; x_wconf 88' lang='lat' dir='ltr'>fuerunt</span> <span class='ocrx_word' id='word_1_136' title='bbox 562 1990 604 2055; x_wconf 93' lang='lat' dir='ltr'>ad</span> <span class='ocrx_word' id='word_1_137' title='bbox 619 1991 782 2075; x_wconf 90' lang='lat' dir='ltr'>populum,</span> <span class='ocrx_word' id='word_1_138' title='bbox 794 2003 827 2054; x_wconf 92' lang='lat' dir='ltr'>et</span> <span class='ocrx_word' id='word_1_139' title='bbox 839 1990 957 2055; x_wconf 90' lang='lat' dir='ltr'>celebri</span> <span class='ocrx_word' id='word_1_140' title='bbox 967 2013 1095 2056; x_wconf 92' lang='lat' dir='ltr'>rumore</span> <span class='ocrx_word' id='word_1_141' title='bbox 1106 1990 1306 2079; x_wconf 80' lang='lat' dir='ltr'>divulgatum</span> <span class='ocrx_word' id='word_1_142' title='bbox 1318 1986 1421 2053; x_wconf 89' lang='lat' dir='ltr'>estin</span> 
     </span>
     <span class='ocr_line' id='line_1_17' title="bbox 270 2074 1419 2165; baseline -0.003 -24"><span class='ocrx_word' id='word_1_143' title='bbox 270 2076 371 2155; x_wconf 87' lang='lat' dir='ltr'>brevi,</span> <span class='ocrx_word' id='word_1_144' title='bbox 395 2099 453 2162; x_wconf 88' lang='lat' dir='ltr'>per</span> <span class='ocrx_word' id='word_1_145' title='bbox 479 2100 588 2142; x_wconf 91' lang='lat' dir='ltr'>omnes</span> <span class='ocrx_word' id='word_1_146' title='bbox 612 2076 728 2141; x_wconf 90' lang='lat' dir='ltr'>vicinas</span> <span class='ocrx_word' id='word_1_147' title='bbox 752 2078 853 2157; x_wconf 88' lang='lat' dir='ltr'>villas,</span> <span class='ocrx_word' id='word_1_148' title='bbox 881 2081 1014 2144; x_wconf 88' lang='lat' dir='ltr'>verbum</span> <span class='ocrx_word' id='word_1_149' title='bbox 1037 2078 1267 2165; x_wconf 88' lang='lat' dir='ltr'>quodfactum</span> <span class='ocrx_word' id='word_1_150' title='bbox 1290 2090 1345 2142; x_wconf 90' lang='lat' dir='ltr'>est</span> <span class='ocrx_word' id='word_1_151' title='bbox 1374 2074 1419 2138; x_wconf 90' lang='lat' dir='ltr'>de</span> 
     </span>
     <span class='ocr_line' id='line_1_18' title="bbox 271 2164 1420 2251; baseline -0.003 -23"><span class='ocrx_word' id='word_1_152' title='bbox 271 2165 372 2241; x_wconf 89' lang='lat' dir='ltr'>ordeo</span> <span class='ocrx_word' id='word_1_153' title='bbox 397 2164 547 2249; x_wconf 86' lang='lat' dir='ltr'>Rogerii3</span> <span class='ocrx_word' id='word_1_154' title='bbox 571 2187 665 2251; x_wconf 92' lang='lat' dir='ltr'>quem</span> <span class='ocrx_word' id='word_1_155' title='bbox 689 2180 848 2231; x_wconf 87' lang='lat' dir='ltr'>versatum</span> <span class='ocrx_word' id='word_1_156' title='bbox 871 2180 990 2244; x_wconf 90' lang='lat' dir='ltr'>mente,</span> <span class='ocrx_word' id='word_1_157' title='bbox 1006 2166 1194 2231; x_wconf 90' lang='lat' dir='ltr'>dissolutum</span> <span class='ocrx_word' id='word_1_158' title='bbox 1219 2166 1364 2242; x_wconf 91' lang='lat' dir='ltr'>actione,</span> <span class='ocrx_word' id='word_1_159' title='bbox 1382 2173 1420 2227; x_wconf 91' lang='lat' dir='ltr'>et</span> 
     </span>
     <span class='ocr_line' id='line_1_19' title="bbox 272 2250 1413 2333; baseline -0.003 -16"><span class='ocrx_word' id='word_1_160' title='bbox 272 2250 375 2317; x_wconf 90' lang='lat' dir='ltr'>ordini</span> <span class='ocrx_word' id='word_1_161' title='bbox 394 2274 452 2315; x_wconf 91' lang='lat' dir='ltr'>suo</span> <span class='ocrx_word' id='word_1_162' title='bbox 473 2275 533 2317; x_wconf 91' lang='lat' dir='ltr'>nec</span> <span class='ocrx_word' id='word_1_163' title='bbox 547 2252 671 2329; x_wconf 92' lang='lat' dir='ltr'>habitu,</span> <span class='ocrx_word' id='word_1_164' title='bbox 687 2276 746 2317; x_wconf 90' lang='lat' dir='ltr'>nec</span> <span class='ocrx_word' id='word_1_165' title='bbox 762 2254 1011 2333; x_wconf 87' lang='lat' dir='ltr'>conversatione,</span> <span class='ocrx_word' id='word_1_166' title='bbox 1027 2254 1061 2319; x_wconf 91' lang='lat' dir='ltr'>in</span> <span class='ocrx_word' id='word_1_167' title='bbox 1076 2255 1116 2318; x_wconf 88' lang='lat' dir='ltr'>ali</span> <span class='ocrx_word' id='word_1_168' title='bbox 1141 2277 1182 2319; x_wconf 92' lang='lat' dir='ltr'>uo</span> <span class='ocrx_word' id='word_1_169' title='bbox 1193 2253 1413 2326; x_wconf 88' lang='lat' dir='ltr'>deserentem,</span> 
     </span>
     <span class='ocr_line' id='line_1_20' title="bbox 273 2277 1427 2427; baseline -0.002 -23"><span class='ocrx_word' id='word_1_170' title='bbox 273 2362 383 2404; x_wconf 91' lang='lat' dir='ltr'>omnes</span> <span class='ocrx_word' id='word_1_171' title='bbox 405 2353 573 2405; x_wconf 88' lang='lat' dir='ltr'>noverant:</span> <span class='ocrx_word' id='word_1_172' title='bbox 598 2352 632 2404; x_wconf 91' lang='lat' dir='ltr'>et</span> <span class='ocrx_word' id='word_1_173' title='bbox 654 2340 728 2407; x_wconf 92' lang='lat' dir='ltr'>ideo</span> <span class='ocrx_word' id='word_1_174' title='bbox 751 2340 793 2407; x_wconf 90' lang='lat' dir='ltr'>de</span> <span class='ocrx_word' id='word_1_175' title='bbox 816 2342 884 2427; x_wconf 90' lang='lat' dir='ltr'>ejus</span> <span class='ocrx_word' id='word_1_176' title='bbox 907 2342 1090 2420; x_wconf 87' lang='lat' dir='ltr'>infortunio,</span> <span class='ocrx_word' id='word_1_177' title='bbox 1118 2277 1226 2407; x_wconf 50' lang='lat' dir='ltr'>Seum</span> <span class='ocrx_word' id='word_1_178' title='bbox 1250 2341 1427 2426; x_wconf 86' lang='lat' dir='ltr'>glorifica--</span> 
     </span>
     <span class='ocr_line' id='line_1_21' title="bbox 273 2428 361 2492; baseline 0 -1"><span class='ocrx_word' id='word_1_179' title='bbox 273 2428 361 2492; x_wconf 89' lang='lat' dir='ltr'>bant.</span> 
     </span>
    </p>
   </div>
   <div class='ocr_carea' id='block_1_5' title="bbox 273 2692 1413 3040">
    <p class='ocr_par' dir='ltr' id='par_1_5' title="bbox 273 2692 1413 3040">
     <span class='ocr_line' id='line_1_22' title="bbox 273 2692 1413 2777; baseline 0 -20"><span class='ocrx_word' id='word_1_180' title='bbox 273 2692 372 2757; x_wconf 74' lang='lat' dir='ltr'><strong><em>CAP.</em></strong></span> <span class='ocrx_word' id='word_1_181' title='bbox 388 2692 723 2770; x_wconf 70' lang='lat' dir='ltr'>xxm-anatim</span> <span class='ocrx_word' id='word_1_182' title='bbox 737 2715 799 2774; x_wconf 84' lang='lat' dir='ltr'>pro</span> <span class='ocrx_word' id='word_1_183' title='bbox 813 2695 956 2769; x_wconf 73' lang='lat' dir='ltr'>mluntbd,</span> <span class='ocrx_word' id='word_1_184' title='bbox 972 2714 1064 2777; x_wconf 82' lang='lat' dir='ltr'>qaam</span> <span class='ocrx_word' id='word_1_185' title='bbox 1084 2697 1210 2777; x_wconf 82' lang='lat' dir='ltr'>quidum</span> <span class='ocrx_word' id='word_1_186' title='bbox 1230 2694 1331 2757; x_wconf 70' lang='lat' dir='ltr'>nitur</span> <span class='ocrx_word' id='word_1_187' title='bbox 1343 2692 1413 2774; x_wconf 71' lang='lat' dir='ltr'>cjtts</span> 
     </span>
     <span class='ocr_line' id='line_1_23' title="bbox 347 2782 1413 2865; baseline -0.003 -20"><span class='ocrx_word' id='word_1_188' title='bbox 347 2782 500 2864; x_wconf 67' lang='lat' dir='ltr'>foebam</span> <span class='ocrx_word' id='word_1_189' title='bbox 516 2782 758 2864; x_wconf 64' lang='lat' dir='ltr'>praesumptuose*</span> <span class='ocrx_word' id='word_1_190' title='bbox 776 2784 896 2856; x_wconf 68' lang='lat' dir='ltr'>ocddt&#39;t,</span> <span class='ocrx_word' id='word_1_191' title='bbox 917 2783 1094 2865; x_wconf 77' lang='lat' dir='ltr'>infimitate</span> <span class='ocrx_word' id='word_1_192' title='bbox 1114 2790 1277 2863; x_wconf 80' lang='lat' dir='ltr'>correptus,</span> <span class='ocrx_word' id='word_1_193' title='bbox 1292 2802 1363 2844; x_wconf 83' lang='lat' dir='ltr'>cum</span> <span class='ocrx_word' id='word_1_194' title='bbox 1378 2799 1413 2841; x_wconf 83' lang='lat' dir='ltr'>se</span> 
     </span>
     <span class='ocr_line' id='line_1_24' title="bbox 352 2870 1412 2952; baseline -0.002 -20"><span class='ocrx_word' id='word_1_195' title='bbox 352 2872 543 2951; x_wconf 71' lang='lat' dir='ltr'>promitteret</span> <span class='ocrx_word' id='word_1_196' title='bbox 561 2873 631 2934; x_wconf 76' lang='lat' dir='ltr'>iude</span> <span class='ocrx_word' id='word_1_197' title='bbox 651 2870 890 2951; x_wconf 60' lang='lat' dir='ltr'>sotiffacturam,</span> <span class='ocrx_word' id='word_1_198' title='bbox 913 2889 1009 2932; x_wconf 82' lang='lat' dir='ltr'>ranas</span> <span class='ocrx_word' id='word_1_199' title='bbox 1029 2870 1159 2951; x_wconf 57' lang='lat' dir='ltr'>oseam,</span> <span class='ocrx_word' id='word_1_200' title='bbox 1182 2870 1266 2952; x_wconf 81' lang='lat' dir='ltr'>quod</span> <span class='ocrx_word' id='word_1_201' title='bbox 1284 2873 1412 2933; x_wconf 74' lang='lat' dir='ltr'>emerat</span> 
     </span>
     <span class='ocr_line' id='line_1_25' title="bbox 357 2957 1239 3040; baseline -0.002 -19"><span class='ocrx_word' id='word_1_202' title='bbox 357 2960 498 3039; x_wconf 72' lang='lat' dir='ltr'>replerit,</span> <span class='ocrx_word' id='word_1_203' title='bbox 513 2961 626 3022; x_wconf 86' lang='lat' dir='ltr'>etitem</span> <span class='ocrx_word' id='word_1_204' title='bbox 640 2959 806 3021; x_wconf 62' lang='lat' dir='ltr'>recidivis&amp;</span> <span class='ocrx_word' id='word_1_205' title='bbox 821 2958 1000 3040; x_wconf 65' lang='lat' dir='ltr'>insinuatam</span> <span class='ocrx_word' id='word_1_206' title='bbox 1013 2957 1172 3040; x_wconf 66' lang='lat' dir='ltr'>differretur</span> <span class='ocrx_word' id='word_1_207' title='bbox 1184 2966 1239 3021; x_wconf 81' lang='lat' dir='ltr'>est.</span> 
     </span>
    </p>
   </div>
   <div class='ocr_carea' id='block_1_6' title="bbox 225 3127 1410 4359">
    <p class='ocr_par' dir='ltr' id='par_1_6' title="bbox 225 3127 1410 4359">
     <span class='ocr_line' id='line_1_26' title="bbox 319 3127 1410 3217; baseline -0.004 -23"><span class='ocrx_word' id='word_1_208' title='bbox 319 3130 405 3194; x_wconf 86' lang='lat' dir='ltr'>Puer</span> <span class='ocrx_word' id='word_1_209' title='bbox 427 3129 556 3217; x_wconf 85' lang='lat' dir='ltr'>quidam</span> <span class='ocrx_word' id='word_1_210' title='bbox 578 3130 619 3195; x_wconf 88' lang='lat' dir='ltr'>de</span> <span class='ocrx_word' id='word_1_211' title='bbox 634 3130 810 3196; x_wconf 71' lang='lat' dir='ltr'>domestica</span> <span class='ocrx_word' id='word_1_212' title='bbox 826 3129 944 3197; x_wconf 69' lang='lat' dir='ltr'>familia</span> <span class='ocrx_word' id='word_1_213' title='bbox 963 3130 1095 3195; x_wconf 86' lang='lat' dir='ltr'>Roberti</span> <span class='ocrx_word' id='word_1_214' title='bbox 1110 3130 1151 3195; x_wconf 93' lang='lat' dir='ltr'>de</span> <span class='ocrx_word' id='word_1_215' title='bbox 1170 3130 1321 3207; x_wconf 87' lang='lat' dir='ltr'>Gorram,</span> <span class='ocrx_word' id='word_1_216' title='bbox 1342 3127 1410 3191; x_wconf 82' lang='lat' dir='ltr'>Ab·</span> 
     </span>
     <span class='ocr_line' id='line_1_27' title="bbox 272 3217 1408 3296; baseline -0.001 -15"><span class='ocrx_word' id='word_1_217' title='bbox 272 3217 354 3295; x_wconf 90' lang='lat' dir='ltr'>batis</span> <span class='ocrx_word' id='word_1_218' title='bbox 376 3218 417 3282; x_wconf 92' lang='lat' dir='ltr'>de</span> <span class='ocrx_word' id='word_1_219' title='bbox 444 3218 562 3281; x_wconf 90' lang='lat' dir='ltr'>Sancto</span> <span class='ocrx_word' id='word_1_220' title='bbox 588 3218 724 3296; x_wconf 89' lang='lat' dir='ltr'>Albano,</span> <span class='ocrx_word' id='word_1_221' title='bbox 744 3218 872 3282; x_wconf 91' lang='lat' dir='ltr'>nomine</span> <span class='ocrx_word' id='word_1_222' title='bbox 891 3219 1059 3296; x_wconf 87' lang='lat' dir='ltr'>Henricus‚</span> <span class='ocrx_word' id='word_1_223' title='bbox 1079 3219 1263 3283; x_wconf 90' lang='lat' dir='ltr'>nonnullam</span> <span class='ocrx_word' id='word_1_224' title='bbox 1284 3236 1408 3281; x_wconf 87' lang='lat' dir='ltr'>moram</span> 
     </span>
     <span class='ocr_line' id='line_1_28' title="bbox 273 3304 1408 3392; baseline -0.002 -23"><span class='ocrx_word' id='word_1_225' title='bbox 273 3304 444 3391; x_wconf 88' lang='lat' dir='ltr'>aliquando</span> <span class='ocrx_word' id='word_1_226' title='bbox 459 3304 579 3369; x_wconf 86' lang='lat' dir='ltr'>fecerat</span> <span class='ocrx_word' id='word_1_227' title='bbox 595 3305 627 3369; x_wconf 92' lang='lat' dir='ltr'>in</span> <span class='ocrx_word' id='word_1_228' title='bbox 642 3306 794 3391; x_wconf 90' lang='lat' dir='ltr'>obsequio</span> <span class='ocrx_word' id='word_1_229' title='bbox 812 3305 960 3371; x_wconf 88' lang='lat' dir='ltr'>Gaufridi</span> <span class='ocrx_word' id='word_1_230' title='bbox 977 3307 1095 3371; x_wconf 89' lang='lat' dir='ltr'>Prioris</span> <span class='ocrx_word' id='word_1_231' title='bbox 1110 3307 1151 3371; x_wconf 91' lang='lat' dir='ltr'>de</span> <span class='ocrx_word' id='word_1_232' title='bbox 1168 3304 1408 3392; x_wconf 67' lang='lat' dir='ltr'>Tynemudthfi.</span> 
     </span>
     <span class='ocr_line' id='line_1_29' title="bbox 277 3392 1409 3481; baseline -0.001 -24"><span class='ocrx_word' id='word_1_233' title='bbox 277 3392 341 3457; x_wconf 90' lang='lat' dir='ltr'>Hic</span> <span class='ocrx_word' id='word_1_234' title='bbox 363 3393 415 3458; x_wconf 90' lang='lat' dir='ltr'>die</span> <span class='ocrx_word' id='word_1_235' title='bbox 438 3393 575 3481; x_wconf 90' lang='lat' dir='ltr'>quadam</span> <span class='ocrx_word' id='word_1_236' title='bbox 598 3408 760 3479; x_wconf 86' lang='lat' dir='ltr'>assumpto</span> <span class='ocrx_word' id='word_1_237' title='bbox 774 3416 850 3458; x_wconf 89' lang='lat' dir='ltr'>arcu</span> <span class='ocrx_word' id='word_1_238' title='bbox 867 3418 1009 3479; x_wconf 90' lang='lat' dir='ltr'>egressus</span> <span class='ocrx_word' id='word_1_239' title='bbox 1025 3408 1073 3459; x_wconf 91' lang='lat' dir='ltr'>est</span> <span class='ocrx_word' id='word_1_240' title='bbox 1087 3395 1130 3458; x_wconf 90' lang='lat' dir='ltr'>ad</span> <span class='ocrx_word' id='word_1_241' title='bbox 1144 3393 1359 3459; x_wconf 89' lang='lat' dir='ltr'>exercendum</span> <span class='ocrx_word' id='word_1_242' title='bbox 1373 3413 1409 3457; x_wconf 87' lang='lat' dir='ltr'>se</span> 
     </span>
     <span class='ocr_line' id='line_1_30' title="bbox 273 3477 1408 3567; baseline -0.003 -22"><span class='ocrx_word' id='word_1_243' title='bbox 273 3482 315 3545; x_wconf 89' lang='lat' dir='ltr'>ad</span> <span class='ocrx_word' id='word_1_244' title='bbox 337 3481 571 3548; x_wconf 88' lang='lat' dir='ltr'>occurrentium</span> <span class='ocrx_word' id='word_1_245' title='bbox 592 3481 653 3546; x_wconf 92' lang='lat' dir='ltr'>sibi</span> <span class='ocrx_word' id='word_1_246' title='bbox 675 3482 837 3567; x_wconf 90' lang='lat' dir='ltr'>signorum</span> <span class='ocrx_word' id='word_1_247' title='bbox 859 3505 988 3567; x_wconf 90' lang='lat' dir='ltr'>genera,</span> <span class='ocrx_word' id='word_1_248' title='bbox 1005 3496 1038 3548; x_wconf 88' lang='lat' dir='ltr'>et</span> <span class='ocrx_word' id='word_1_249' title='bbox 1054 3482 1280 3547; x_wconf 87' lang='lat' dir='ltr'>monasterium</span> <span class='ocrx_word' id='word_1_250' title='bbox 1299 3477 1408 3545; x_wconf 89' lang='lat' dir='ltr'>Sancti</span> 
     </span>
     <span class='ocr_line' id='line_1_31' title="bbox 277 3563 1407 3657; baseline -0.004 -22"><span class='ocrx_word' id='word_1_251' title='bbox 277 3563 375 3655; x_wconf 70' lang='lat' dir='ltr'>Regis</span> <span class='ocrx_word' id='word_1_252' title='bbox 391 3583 424 3635; x_wconf 90' lang='lat' dir='ltr'>et</span> <span class='ocrx_word' id='word_1_253' title='bbox 441 3569 592 3657; x_wconf 87' lang='lat' dir='ltr'>Martyris</span> <span class='ocrx_word' id='word_1_254' title='bbox 612 3570 730 3635; x_wconf 90' lang='lat' dir='ltr'>Oswini</span> <span class='ocrx_word' id='word_1_255' title='bbox 752 3570 856 3655; x_wconf 89' lang='lat' dir='ltr'>petiit,</span> <span class='ocrx_word' id='word_1_256' title='bbox 872 3593 1044 3657; x_wconf 87' lang='lat' dir='ltr'>arcumque</span> <span class='ocrx_word' id='word_1_257' title='bbox 1059 3570 1218 3646; x_wconf 87' lang='lat' dir='ltr'>tetendit;</span> <span class='ocrx_word' id='word_1_258' title='bbox 1234 3583 1268 3634; x_wconf 92' lang='lat' dir='ltr'>et</span> <span class='ocrx_word' id='word_1_259' title='bbox 1285 3568 1407 3654; x_wconf 87' lang='lat' dir='ltr'>jaciens</span> 
     </span>
     <span class='ocr_line' id='line_1_32' title="bbox 225 3657 1408 3745; baseline -0.002 -24"><span class='ocrx_word' id='word_1_260' title='bbox 225 3738 227 3743; x_wconf 23' lang='grc' dir='ltr'>Ι</span> <span class='ocrx_word' id='word_1_261' title='bbox 273 3658 432 3745; x_wconf 86' lang='lat' dir='ltr'>sagittam,</span> <span class='ocrx_word' id='word_1_262' title='bbox 450 3657 481 3720; x_wconf 92' lang='lat' dir='ltr'>in</span> <span class='ocrx_word' id='word_1_263' title='bbox 505 3681 569 3722; x_wconf 90' lang='lat' dir='ltr'>uno</span> <span class='ocrx_word' id='word_1_264' title='bbox 590 3658 780 3723; x_wconf 86' lang='lat' dir='ltr'>foraminum</span> <span class='ocrx_word' id='word_1_265' title='bbox 803 3658 985 3723; x_wconf 90' lang='lat' dir='ltr'>monasterii</span> <span class='ocrx_word' id='word_1_266' title='bbox 1000 3658 1137 3723; x_wconf 85' lang='lat' dir='ltr'>latitanti</span> <span class='ocrx_word' id='word_1_267' title='bbox 1153 3658 1310 3723; x_wconf 87' lang='lat' dir='ltr'>columbae</span> <span class='ocrx_word' id='word_1_268' title='bbox 1324 3658 1408 3721; x_wconf 90' lang='lat' dir='ltr'>alam</span> 
     </span>
     <span class='ocr_line' id='line_1_33' title="bbox 273 3744 1408 3832; baseline -0.002 -23"><span class='ocrx_word' id='word_1_269' title='bbox 273 3746 380 3831; x_wconf 83' lang='lat' dir='ltr'>fregit.</span> <span class='ocrx_word' id='word_1_270' title='bbox 440 3745 522 3820; x_wconf 82' lang='lat' dir='ltr'>Quae</span> <span class='ocrx_word' id='word_1_271' title='bbox 549 3769 582 3810; x_wconf 90' lang='lat' dir='ltr'>se</span> <span class='ocrx_word' id='word_1_272' title='bbox 607 3746 715 3810; x_wconf 86' lang='lat' dir='ltr'>laesam</span> <span class='ocrx_word' id='word_1_273' title='bbox 742 3746 893 3823; x_wconf 89' lang='lat' dir='ltr'>sentiens,</span> <span class='ocrx_word' id='word_1_274' title='bbox 918 3746 1072 3811; x_wconf 89' lang='lat' dir='ltr'>foramine</span> <span class='ocrx_word' id='word_1_275' title='bbox 1096 3746 1158 3810; x_wconf 92' lang='lat' dir='ltr'>iter</span> <span class='ocrx_word' id='word_1_276' title='bbox 1185 3769 1244 3832; x_wconf 89' lang='lat' dir='ltr'>per</span> <span class='ocrx_word' id='word_1_277' title='bbox 1268 3744 1408 3809; x_wconf 90' lang='lat' dir='ltr'>mediam</span> 
     </span>
     <span class='ocr_line' id='line_1_34' title="bbox 274 3832 1405 3921; baseline -0.004 -22"><span class='ocrx_word' id='word_1_278' title='bbox 274 3832 445 3899; x_wconf 87' lang='lat' dir='ltr'>maceriam</span> <span class='ocrx_word' id='word_1_279' title='bbox 465 3834 640 3918; x_wconf 87' lang='lat' dir='ltr'>praebente,</span> <span class='ocrx_word' id='word_1_280' title='bbox 659 3833 809 3897; x_wconf 89' lang='lat' dir='ltr'>interiora</span> <span class='ocrx_word' id='word_1_281' title='bbox 831 3834 941 3919; x_wconf 90' lang='lat' dir='ltr'>templi</span> <span class='ocrx_word' id='word_1_282' title='bbox 956 3834 1054 3911; x_wconf 87' lang='lat' dir='ltr'>adiit3</span> <span class='ocrx_word' id='word_1_283' title='bbox 1077 3847 1111 3897; x_wconf 90' lang='lat' dir='ltr'>et</span> <span class='ocrx_word' id='word_1_284' title='bbox 1133 3834 1222 3921; x_wconf 90' lang='lat' dir='ltr'>quasi</span> <span class='ocrx_word' id='word_1_285' title='bbox 1246 3833 1405 3918; x_wconf 86' lang='lat' dir='ltr'>refugium</span> 
     </span>
     <span class='ocr_line' id='line_1_35' title="bbox 274 3919 1408 4008; baseline 0.002 -25"><span class='ocrx_word' id='word_1_286' title='bbox 274 3932 431 4008; x_wconf 82' lang='lat' dir='ltr'>quaerem,</span> <span class='ocrx_word' id='word_1_287' title='bbox 445 3921 504 3984; x_wconf 91' lang='lat' dir='ltr'>sub</span> <span class='ocrx_word' id='word_1_288' title='bbox 516 3919 630 3984; x_wconf 90' lang='lat' dir='ltr'>scrinio</span> <span class='ocrx_word' id='word_1_289' title='bbox 650 3921 757 3985; x_wconf 87' lang='lat' dir='ltr'>Sancti</span> <span class='ocrx_word' id='word_1_290' title='bbox 770 3921 923 4007; x_wconf 88' lang='lat' dir='ltr'>Martyris</span> <span class='ocrx_word' id='word_1_291' title='bbox 939 3946 972 3988; x_wconf 92' lang='lat' dir='ltr'>se</span> <span class='ocrx_word' id='word_1_292' title='bbox 985 3921 1167 3986; x_wconf 82' lang='lat' dir='ltr'>occultavit.</span> <span class='ocrx_word' id='word_1_293' title='bbox 1204 3922 1305 3987; x_wconf 87' lang='lat' dir='ltr'>Porro</span> <span class='ocrx_word' id='word_1_294' title='bbox 1316 3923 1408 4007; x_wconf 90' lang='lat' dir='ltr'>juve-</span> 
     </span>
     <span class='ocr_line' id='line_1_36' title="bbox 273 4007 1407 4097; baseline 0.001 -26"><span class='ocrx_word' id='word_1_295' title='bbox 273 4009 322 4094; x_wconf 87' lang='lat' dir='ltr'>nis</span> <span class='ocrx_word' id='word_1_296' title='bbox 344 4008 436 4071; x_wconf 83' lang='lat' dir='ltr'>laetus</span> <span class='ocrx_word' id='word_1_297' title='bbox 459 4008 500 4072; x_wconf 93' lang='lat' dir='ltr'>de</span> <span class='ocrx_word' id='word_1_298' title='bbox 523 4008 699 4073; x_wconf 87' lang='lat' dir='ltr'>innocentis</span> <span class='ocrx_word' id='word_1_299' title='bbox 721 4008 788 4073; x_wconf 89' lang='lat' dir='ltr'>avis</span> <span class='ocrx_word' id='word_1_300' title='bbox 803 4008 942 4089; x_wconf 87' lang='lat' dir='ltr'>laesione,</span> <span class='ocrx_word' id='word_1_301' title='bbox 965 4024 1073 4097; x_wconf 89' lang='lat' dir='ltr'>portas</span> <span class='ocrx_word' id='word_1_302' title='bbox 1088 4010 1270 4075; x_wconf 90' lang='lat' dir='ltr'>monasterii</span> <span class='ocrx_word' id='word_1_303' title='bbox 1288 4007 1407 4095; x_wconf 88' lang='lat' dir='ltr'>pernici</span> 
     </span>
     <span class='ocr_line' id='line_1_37' title="bbox 275 4096 1408 4185; baseline 0.001 -25"><span class='ocrx_word' id='word_1_304' title='bbox 275 4119 384 4185; x_wconf 89' lang='lat' dir='ltr'>gressu</span> <span class='ocrx_word' id='word_1_305' title='bbox 407 4096 568 4161; x_wconf 89' lang='lat' dir='ltr'>advolavit</span> <span class='ocrx_word' id='word_1_306' title='bbox 579 4120 588 4172; x_wconf 85' lang='lat'><em>3</em></span> <span class='ocrx_word' id='word_1_307' title='bbox 611 4110 644 4161; x_wconf 88' lang='lat' dir='ltr'>et</span> <span class='ocrx_word' id='word_1_308' title='bbox 662 4098 851 4185; x_wconf 90' lang='lat' dir='ltr'>perveniens</span> <span class='ocrx_word' id='word_1_309' title='bbox 866 4099 907 4163; x_wconf 91' lang='lat' dir='ltr'>ad</span> <span class='ocrx_word' id='word_1_310' title='bbox 923 4100 1066 4163; x_wconf 88' lang='lat' dir='ltr'>tumbam</span> <span class='ocrx_word' id='word_1_311' title='bbox 1085 4098 1204 4176; x_wconf 89' lang='lat' dir='ltr'>Sancti,</span> <span class='ocrx_word' id='word_1_312' title='bbox 1228 4098 1408 4163; x_wconf 91' lang='lat' dir='ltr'>columbam</span> 
     </span>
     <span class='ocr_line' id='line_1_38' title="bbox 274 4183 1407 4273; baseline -0.001 -24"><span class='ocrx_word' id='word_1_313' title='bbox 274 4186 435 4249; x_wconf 91' lang='lat' dir='ltr'>inventam</span> <span class='ocrx_word' id='word_1_314' title='bbox 454 4183 552 4268; x_wconf 84' lang='lat' dir='ltr'>cepit,</span> <span class='ocrx_word' id='word_1_315' title='bbox 573 4206 632 4249; x_wconf 92' lang='lat' dir='ltr'>nec</span> <span class='ocrx_word' id='word_1_316' title='bbox 659 4186 777 4259; x_wconf 84' lang='lat' dir='ltr'>Sancto</span> <span class='ocrx_word' id='word_1_317' title='bbox 799 4186 840 4251; x_wconf 92' lang='lat' dir='ltr'>ad</span> <span class='ocrx_word' id='word_1_318' title='bbox 860 4209 956 4273; x_wconf 93' lang='lat' dir='ltr'>quem</span> <span class='ocrx_word' id='word_1_319' title='bbox 979 4186 1167 4271; x_wconf 80' lang='lat' dir='ltr'>confugerat</span> <span class='ocrx_word' id='word_1_320' title='bbox 1191 4186 1348 4264; x_wconf 85' lang='lat' dir='ltr'>deferens,</span> <span class='ocrx_word' id='word_1_321' title='bbox 1375 4184 1407 4249; x_wconf 93' lang='lat' dir='ltr'>in</span> 
     </span>
     <span class='ocr_line' id='line_1_39' title="bbox 275 4272 1407 4359; baseline 0 -22"><span class='ocrx_word' id='word_1_322' title='bbox 275 4276 343 4359; x_wconf 89' lang='lat' dir='ltr'>ejus</span> <span class='ocrx_word' id='word_1_323' title='bbox 358 4272 507 4358; x_wconf 86' lang='lat' dir='ltr'>praesidio</span> <span class='ocrx_word' id='word_1_324' title='bbox 522 4272 650 4351; x_wconf 91' lang='lat' dir='ltr'>occidit,</span> <span class='ocrx_word' id='word_1_325' title='bbox 667 4286 700 4337; x_wconf 91' lang='lat' dir='ltr'>et</span> <span class='ocrx_word' id='word_1_326' title='bbox 720 4298 827 4339; x_wconf 88' lang='lat' dir='ltr'>secum</span> <span class='ocrx_word' id='word_1_327' title='bbox 842 4274 984 4339; x_wconf 88' lang='lat' dir='ltr'>abstulit.</span> <span class='ocrx_word' id='word_1_328' title='bbox 1045 4274 1110 4338; x_wconf 91' lang='lat' dir='ltr'>Sed</span> <span class='ocrx_word' id='word_1_329' title='bbox 1118 4274 1206 4340; x_wconf 86' lang='lat' dir='ltr'>ultio</span> <span class='ocrx_word' id='word_1_330' title='bbox 1221 4273 1329 4338; x_wconf 91' lang='lat' dir='ltr'>divina</span> <span class='ocrx_word' id='word_1_331' title='bbox 1342 4296 1407 4337; x_wconf 88' lang='lat' dir='ltr'>non</span> 
     </span>
    </p>
   </div>
   <div class='ocr_carea' id='block_1_7' title="bbox 274 4358 1407 4449">
    <p class='ocr_par' dir='ltr' id='par_1_7' title="bbox 274 4358 1407 4449">
     <span class='ocr_line' id='line_1_40' title="bbox 274 4358 1407 4449; baseline -0.002 -23"><span class='ocrx_word' id='word_1_332' title='bbox 274 4358 386 4439; x_wconf 87' lang='lat' dir='ltr'>defuit,</span> <span class='ocrx_word' id='word_1_333' title='bbox 397 4384 469 4449; x_wconf 88' lang='lat' dir='ltr'>quae</span> <span class='ocrx_word' id='word_1_334' title='bbox 478 4360 684 4427; x_wconf 87' lang='lat' dir='ltr'>incontinenti</span> <span class='ocrx_word' id='word_1_335' title='bbox 696 4363 847 4447; x_wconf 90' lang='lat' dir='ltr'>juvenem</span> <span class='ocrx_word' id='word_1_336' title='bbox 857 4362 890 4425; x_wconf 93' lang='lat' dir='ltr'>in</span> <span class='ocrx_word' id='word_1_337' title='bbox 898 4386 963 4427; x_wconf 94' lang='lat' dir='ltr'>uno</span> <span class='ocrx_word' id='word_1_338' title='bbox 975 4362 1159 4427; x_wconf 89' lang='lat' dir='ltr'>occulorum</span> <span class='ocrx_word' id='word_1_339' title='bbox 1166 4361 1293 4429; x_wconf 81' lang='lat' dir='ltr'>videndi</span> <span class='ocrx_word' id='word_1_340' title='bbox 1304 4360 1407 4426; x_wconf 91' lang='lat' dir='ltr'>officio</span> 
     </span>
    </p>
   </div>
   <div class='ocr_carea' id='block_1_8' title="bbox 705 5124 1451 5137">
    <p class='ocr_par' dir='ltr' id='par_1_8' title="bbox 705 5124 1451 5137">
     <span class='ocr_line' id='line_1_41' title="bbox 705 5124 1451 5137; baseline -0.003 0"><span class='ocrx_word' id='word_1_341' title='bbox 705 5125 708 5127; x_wconf 87' lang='lat'>&#39;</span> <span class='ocrx_word' id='word_1_342' title='bbox 741 5135 748 5136; x_wconf 27' lang='grc' dir='ltr'><strong><em>ἶ</em></strong></span> <span class='ocrx_word' id='word_1_343' title='bbox 787 5124 1374 5137; x_wconf 52' lang='grc' dir='ltr'>’“μ“-·”““-“-ἰ--ν-ν---“-“---·-</span> <span class='ocrx_word' id='word_1_344' title='bbox 1389 5127 1451 5133; x_wconf 69' lang='lat'>—&lt;</span> 
     </span>
    </p>
   </div>
   <div class='ocr_carea' id='block_1_9' title="bbox 0 0 1577 5156">
    <p class='ocr_par' dir='ltr' id='par_1_9' title="bbox 0 0 1577 5156">
     <span class='ocr_line' id='line_1_42' title="bbox 0 0 1577 5156; baseline 0 0"><span class='ocrx_word' id='word_1_345' title='bbox 0 0 1577 5156; x_wconf 95' lang='lat' dir='ltr'> </span> 
     </span>
    </p>
   </div>
   <div class='ocr_carea' id='block_1_10' title="bbox 1451 5118 1486 5129">
    <p class='ocr_par' dir='ltr' id='par_1_10' title="bbox 1451 5118 1486 5129">
     <span class='ocr_line' id='line_1_43' title="bbox 1451 5118 1486 5129; baseline 0 0"><span class='ocrx_word' id='word_1_346' title='bbox 1451 5118 1486 5129; x_wconf 59' lang='lat' dir='ltr'><em>A</em></span> 
     </span>
    </p>
   </div>
   <div class='ocr_carea' id='block_1_11' title="bbox 1531 2058 1534 2761">
    <p class='ocr_par' dir='ltr' id='par_1_11' title="bbox 1531 2058 1534 2761">
     <span class='ocr_line' id='line_1_44' title="bbox 1531 2058 1534 2761; baseline 0 0"><span class='ocrx_word' id='word_1_347' title='bbox 1531 2058 1534 2761; x_wconf 95' lang='lat' dir='ltr'> </span> 
     </span>
    </p>
   </div>
  </div>
 </body>
</html>
