3142 5159
706 444 800 499 VITA
819 445 957 498 sanem

390 612 526 683 Saucius
542 633 585 678 ex
601 612 666 679 telo
678 613 795 699 culpae,
811 614 1011 679 medicamen
1026 610 1143 678 anhelo

392 704 457 769 Fer
471 724 586 790 precor
601 702 782 767 antidotum
797 724 806 777 3
829 700 974 767 medicus
985 699 1146 765 medicina
1159 698 1321 777 dolorum,

395 792 542 880 Porrige,
559 812 681 877 quaeso,
697 812 827 854 manum
842 812 851 865 3
874 789 971 855 facies
986 811 1065 853 mox
1081 809 1211 876 surgere
1226 809 1351 852 sanum.

393 879 540 968 Porrige,
556 901 621 965 quo
638 877 793 942 mundum
810 878 927 943 reddat
941 878 1103 963 baptisma
1118 874 1310 940 secuudum.

396 968 477 1053 Spes
493 988 565 1031 mea
579 981 653 1053 post
670 964 846 1043 Christum,
858 988 952 1051 prece
967 964 1069 1051 pellas
1084 986 1180 1027 omne
1194 961 1368 1029 sinistrum.

400 1055 469 1122 Oro
479 1056 594 1142 juvare
610 1052 697 1133 velis,
710 1066 744 1119 et
760 1075 837 1118 mox
853 1053 912 1120 tibi
927 1055 1020 1120 stabo
1035 1052 1152 1119 fidelis.

354 1396 471 1485 [CAP.
486 1392 549 1475 I!.]
560 1394 690 1473 -Quod
704 1416 724 1457 a
740 1396 854 1458 trienni
860 1414 959 1475 puero
968 1396 1128 1475 predictus
1142 1397 1183 1459 rit
1197 1395 1329 1477 Episco-

736 1482 943 1564 purfuturus.

404 1685 508 1750 Posce
524 1680 602 1747 mibi
618 1682 744 1760 flatum,
757 1682 921 1769 quondam
937 1680 995 1747 tibi
1012 1680 1135 1747 mistica
1149 1682 1271 1759 fatum3

402 1772 487 1849 Quoe
504 1793 585 1855 puer
603 1769 746 1835 octennis
762 1771 918 1856 perdiscis
934 1771 975 1835 ab
991 1792 1047 1835 ore
1063 1769 1206 1848 triennis,

404 1860 490 1924 Hoeo
506 1860 564 1923 tibi
580 1857 727 1935 dicentis
744 1857 859 1945 gradui
874 1860 1037 1923 contraria
1051 1856 1165 1935 sentis3

403 1958 426 1989 ‘⁶
444 1946 564 2013 Praesul
584 1946 775 2021 Cuthberte,
793 1945 887 2010 decet
901 1946 989 2010 houd
1005 1959 1037 2011 te
1053 1944 1165 2011 ludere
1179 1957 1287 2020 certe3

404 2037 475 2099 Jam
491 2032 559 2098 ludi
570 2029 658 2120 jugis
675 2057 780 2097 cesses
796 2032 941 2097 insistere
953 2034 1079 2118 nugis.”

403 2123 494 2186 Voce
511 2123 584 2185 novi
600 2122 680 2185 vatis
696 2120 842 2205 reprimis
859 2121 1001 2185 studium
1018 2120 1164 2186 levitatis.

407 2211 491 2274 Cum
508 2231 588 2294 puer
603 2208 716 2271 infanti
733 2231 825 2293 pares
837 2210 896 2273 tibi
913 2222 1001 2273 tanta
1015 2210 1169 2295 profanti,

410 2297 493 2372 Qum
505 2319 565 2382 per
580 2319 654 2360 eum
665 2296 750 2359 fatur
763 2294 832 2374 tibi,
850 2296 948 2362 virtus
960 2312 992 2362 te
1004 2300 1186 2366 comitatur.

407 2387 543 2469 Semper
558 2384 677 2447 abhinc
696 2384 829 2449 Christo
844 2398 909 2449 stas
925 2386 1057 2450 firmans
1072 2386 1173 2450 corda
1188 2385 1356 2473 magistro.

406 2472 477 2551 Me,
494 2472 546 2557 pio
563 2471 755 2549 Cutlrberte,
769 2494 885 2557 precor·
900 2473 941 2537 ad
958 2474 1093 2538 meliora
1107 2487 1251 2540 reverte:

409 2561 539 2648 Tuque,
555 2559 628 2623 Deo
644 2573 758 2637 macte,
775 2576 809 2625 tu
826 2560 922 2625 sacris
940 2562 1047 2626 usibus
1062 2577 1147 2647 apte,

409 2648 479 2713 Oro
491 2649 635 2725 devotuS,
653 2670 768 2733 pravos
785 2649 865 2713 mibi
880 2652 1055 2735 comprime
1066 2665 1191 2716 motus:

408 2736 596 2822 Comprime
613 2736 722 2801 virtuti
738 2735 890 2823 quicquid
903 2751 999 2803 nocet
1014 2754 1110 2825 atque
1123 2737 1235 2804 saluti:

411 2827 534 2889 Auctor
549 2823 721 2902 donorum,
738 2824 909 2910 spiramen,
924 2826 1017 2911 origo
1033 2828 1203 2905 bonorum,

413 2910 478 2987 Qui
494 2925 567 2976 tuus
584 2910 760 2977 instructor·
777 2911 838 2978 fuit
852 2926 947 3001 atque
963 2916 1133 2998 perardua
1147 2916 1264 2980 ductor

410 3000 469 3065 Me
486 3002 601 3065 doceat
617 3016 758 3066 mentem
775 3003 872 3066 sacris
889 3002 1030 3068 stabilire
1045 3004 1217 3078 fluentem3

411 3089 566 3181 Protegat
579 3104 676 3179 utque
689 3103 791 3179 regat,
806 3112 931 3156 mecum
947 3113 1006 3177 per
1018 3092 1127 3158 secula
1138 3092 1246 3181 degat.

419 3425 536 3509 [CAP.
551 3425 673 3510 ΙΙΙ.]-ι
684 3429 777 3509 Quod
788 3430 966 3495 claudusab
982 3434 1091 3515 capelo
1105 3436 1148 3496 rit
1160 3440 1293 3501 murtro.

412 3630 555 3695 Arcebat
569 3652 712 3715 gressum
726 3629 771 3693 vis
784 3652 871 3695 saeva
887 3631 1001 3697 dolore
1018 3654 1218 3717 repressum3

411 3718 557 3783 Claudus
573 3718 626 3782 vix
641 3718 720 3796 ibas,
738 3719 796 3782 sed
811 3732 844 3783 et
858 3719 920 3784 hoc
936 3735 1009 3806 post
1025 3744 1127 3806 pauca
1141 3724 1307 3811 nequibas.

411 3804 498 3869 Mox
513 3828 575 3891 ope
592 3805 702 3870 divina
716 3807 877 3890 reparavit
893 3820 924 3871 te
940 3810 1119 3886 medicina3

413 3893 497 3959 Cum
513 3907 545 3957 te
560 3894 601 3957 de
617 3893 704 3957 caelis
722 3906 887 3977 unguenta
901 3896 1012 3962 fovent
1031 3896 1216 3984 Raphaelis.

411 3980 462 4045 Te
477 3982 568 4066 petit,
585 3980 711 4059 affatur,
728 3982 849 4067 palpat,
863 3982 968 4061 docet,
985 3997 1017 4050 et
1032 3986 1218 4051 medicatur:

410 4068 476 4147 Tu,
492 4070 537 4132 sic
553 4081 692 4147 sanatus,
706 4084 820 4135 sanato
836 4093 926 4136 meos
938 4073 1121 4151 cruciatus;

415 4155 505 4231 Quos
522 4157 662 4223 tolerans
677 4158 784 4223 anima
800 4160 931 4225 detrusa
945 4178 1098 4245 gravatur
1115 4163 1147 4227 in
1164 4166 1237 4230 irna.

414 4244 468 4309 Nil
483 4246 611 4331 poenale
626 4246 726 4331 magis
741 4249 898 4313 scelerum
915 4251 974 4314 sub
990 4266 1120 4333 pectore
1136 4254 1250 4342 plagis.

413 4333 480 4398 Fac
495 4347 531 4398 ut
546 4336 587 4399 ab
600 4332 647 4398 his
663 4336 785 4400 morbis
801 4359 852 4402 me
869 4351 960 4402 sanet
973 4337 1132 4403 Conditor
1147 4342 1251 4407 orbis:

412 4420 488 4501 Fac,
505 4441 603 4513 rog03
622 4422 648 4488 si
660 4426 787 4511 quaeris,
803 4445 882 4492 mox
897 4426 1014 4492 effectu
1030 4424 1171 4513 potieris.
