3142 5159
265 494 292 558 Q*
717 509 809 556 vrrs
837 506 975 556 oswnsr

264 693 337 759 quae
359 669 544 755 perstrinxit
564 668 673 734 Sancti
693 669 808 734 merita
828 669 924 733 latius
941 670 1038 754 juxta
1058 668 1276 753 possibilitatis
1292 671 1421 735 medio·

265 758 411 822 critatem
428 779 556 821 narrare
575 756 717 834 instituo,
735 778 838 841 pauca
853 769 960 820 tamen
982 758 1023 819 ab
1042 756 1178 819 aliorum
1200 756 1340 821 historiis
1356 780 1422 822 ex·

264 844 407 931 carpta*
424 844 500 909 fidei
516 843 616 932 magis
636 842 824 909 accedentia
843 843 1012 907 intersere.
1057 846 1198 925 Explicit
1212 848 1371 927 prolapus.

265 1106 366 1172 CAP.
395 1108 460 1170 1.-
468 1106 587 1188 Incipit
608 1108 756 1190 pmnrodo
779 1106 899 1169 Beatus
927 1106 1082 1181 Oswinus,
1106 1107 1146 1169 ab
1167 1110 1270 1169 atavis
1292 1110 1421 1189 regibus

352 1197 463 1258 ducens
477 1197 635 1275 originem,
652 1202 864 1273 postmortem
881 1197 987 1272 patris
1002 1196 1052 1255 sui
1066 1214 1133 1255 cum
1148 1197 1215 1255 suia
1229 1195 1351 1259 honeste
1363 1215 1416 1258 ec·-

352 1284 485 1344 uloverit
499 1303 511 1353 ,·
527 1288 557 1342 et
572 1290 645 1360 post
665 1282 850 1355 decennium,
867 1281 1083 1342 hereditarius
1103 1298 1158 1343 rec
1180 1282 1357 1361 quorum
1371 1284 1421 1347 ad

352 1377 453 1430 votum
470 1370 570 1447 pontis
585 1369 670 1430 illius
684 1367 808 1449 effectus
822 1370 872 1429 sit.

313 1538 481 1603 Gloriosus
508 1538 605 1623 igitur
633 1538 770 1639 Deoque
794 1539 929 1603 dilectus
953 1538 999 1601 vir
1024 1541 1224 1603 venerandus
1253 1541 1412 1620 Oswinus,

264 1628 355 1691 claris
371 1641 460 1690 ortus
477 1626 646 1703 natalibus,
660 1648 744 1711 regrs
763 1625 816 1690 De
839 1648 948 1690 rorum
968 1624 1071 1690 Osrici
1086 1626 1146 1690 fuit
1161 1627 1256 1691 filius.
1304 1628 1414 1693 Nord-

266 1715 518 1778 thanunbrorum
531 1714 615 1798 regis
627 1713 790 1777 clarissimi
851 1712 946 1777 dwini
962 1713 1158 1799 propinquus
1174 1714 1293 1792 extitit,
1307 1729 1417 1801 pater-

263 1802 360 1888 nique
385 1800 527 1864 stematis
558 1800 808 1885 generositatem
835 1823 960 1864 morum
987 1801 1148 1885 probitate
1173 1803 1410 1880 transcendens,

264 1889 363 1953 fidem
383 1887 481 1953 Cristi
500 1889 595 1953 bonae
612 1888 725 1952 indolis
750 1910 830 1972 puer
845 1887 999 1966 excoluit,
1016 1911 1036 1953 a
1051 1890 1113 1974 qual
1135 1902 1228 1973 pater
1250 1904 1323 1974 post
1344 1913 1415 1954 sus·

263 1989 394 2061 ceptum
408 1975 559 2061 baptismi
574 1988 807 2040 sacramentum
823 1988 1006 2059 apostatans
1022 1976 1228 2041 exorbitavit.
1277 1976 1412 2043 Sublato

263 2086 400 2149 namque
423 2063 465 2126 de
488 2062 596 2126 medio
619 2064 755 2147 praefato
784 2061 1130 2149 Nordthanynbrorum
1152 2086 1229 2149 rege
1246 2063 1410 2143 AEdwino,

263 2164 483 2214 successerunt
495 2149 525 2213 ei
541 2150 606 2213 duo
622 2172 734 2234 reges3
750 2171 887 2235 quorum
904 2172 984 2213 unus
996 2150 1079 2213 filius
1095 2150 1201 2235 patrui
1217 2150 1266 2215 sui
1283 2152 1413 2217 AElfrici

263 2251 343 2314 erat,
365 2236 494 2301 Osricus
517 2236 666 2313 nomine,
691 2237 773 2299 alter
796 2237 879 2300 filius
902 2236 1103 2313 AEthelfridi,
1120 2238 1173 2326 qui
1197 2244 1272 2302 ant'e
1289 2239 1414 2304 AEdwi-

263 2347 339 2388 num
355 2337 556 2408 regnaverat,
570 2324 673 2387 dictus
687 2323 867 2388 AEnfridus.
915 2325 960 2388 Hi
971 2323 1319 2411 Nordthanynbrorum
1334 2350 1413 2413 gen-

262 2426 340 2489 tem,
364 2411 539 2481 secnndum
562 2411 650 2497 quod
673 2410 848 2497 antiquitus
872 2425 951 2490 erat,
972 2411 1004 2475 in
1027 2412 1107 2477 duas
1129 2413 1307 2498 provincias
1332 2415 1417 2478 divi·

262 2500 387 2575 dentes,
424 2498 553 2563 Osricus
582 2498 669 2563 beati
704 2498 824 2562 Oswini
851 2498 950 2565 frater
986 2522 1121 2585 regnum
1153 2500 1347 2587 Deyrorum,
1378 2516 1411 2567 et

262 2587 432 2652 AEnfridus
452 2585 672 2650 Berniciorum
694 2585 752 2649 sibi
768 2587 996 2670 gubernacula,
1014 2588 1102 2674 quasi
1118 2588 1325 2653 successionis
1335 2589 1411 2673 jure

262 2675 483 2739 vendicarunt.
532 2673 721 2760 Prodiitque
733 2674 824 2759 quasi
839 2698 882 2739 ex
897 2675 991 2760 adipe
1008 2674 1180 2761 iniquitatis
1196 2698 1319 2753 eorum,
1333 2676 1411 2740 dum

260 2762 358 2826 fidem
377 2760 475 2826 Cristi
489 2783 586 2848 quam
609 2784 763 2845 pauperes
779 2776 996 2847 susceperant,
1015 2763 1083 2845 jam
1101 2761 1214 2826 divites
1230 2762 1307 2827 facti
1323 2764 1413 2849 abje-

260 2862 384 2927 cerunt,
409 2847 626 2933 excitavitque
650 2848 810 2911 Dominus
832 2849 983 2913 baculum
1004 2847 1120 2912 suroris
1143 2850 1191 2913 sui
1218 2851 1413 2915 Caedwalam

259 2960 371 3021 regem
390 2936 570 3013 Britouum,
588 2948 622 2999 et
637 2958 677 2999 eo
692 2933 838 2998 ministro
852 2947 1014 3020 apostatas
1026 2958 1118 3019 reges
1134 2960 1235 3024 usque
1250 2938 1292 3001 ad
1314 2938 1414 3003 inter-

259 3025 419 3089 nicionem
442 3022 608 3108 percussit.
656 3022 880 3108 T-uleruutque
903 3023 1041 3087 Beatum
1061 3022 1224 3088 Oswinum
1240 3026 1412 3112 propinqui

259 3125 294 3177 et
309 3113 450 3177 fautores
474 3113 552 3196 ejus,
570 3109 646 3197 quia
668 3108 751 3173 infra
765 3132 864 3173 annos
880 3124 960 3188 erat,
978 3124 1012 3175 et
1031 3110 1136 3175 aetatis
1159 3111 1360 3179 imbecillitas
1376 3128 1411 3178 et

260 3198 421 3264 facultatis
437 3198 574 3261 tenuitas
598 3196 696 3281 patris
712 3209 850 3260 mortem
866 3196 1029 3262 vindicare
1044 3220 1109 3262 non
1131 3200 1360 3284 permittebat,
1377 3215 1412 3266 et

259 3310 333 3351 cum
364 3308 404 3350 eo
434 3283 519 3368 apud
549 3283 710 3348 Occiduos
745 3284 889 3349 Saxones
919 3307 977 3370 per
1007 3285 1198 3374 decennium
1227 3288 1410 3354 exalarunt.

239 3373 425 3442 ·Caedwala
446 3394 535 3449 vero,
564 3371 640 3435 licet
667 3370 764 3435 Cristi
791 3372 995 3437 sacramentis
1018 3375 1160 3438 imbutus
1183 3389 1278 3453 esset,
1303 3389 1413 3440 tamen

258 3461 391 3547 perditis
407 3458 551 3523 moribus
571 3457 669 3523 Cristi
687 3458 801 3542 gratiae
824 3458 978 3544 ingratus,
995 3480 1126 3545 gentem
1149 3462 1413 3550 provinciamque

262 3547 614 3614 Nordthanimbrorum
637 3546 732 3611 armis
754 3547 919 3612 subactam
944 3549 1097 3633 populare
1114 3549 1223 3635 coepit,
1240 3572 1299 3614 nec
1322 3549 1355 3614 in
1371 3551 1411 3615 ed

254 3637 336 3723 juris
352 3636 540 3725 aequitatem
556 3656 718 3712 exercere,
736 3635 878 3699 sedeam
893 3659 951 3720 per
963 3636 1189 3701 exterminium
1204 3637 1313 3702 delere
1326 3651 1412 3702 sata·

258 3726 367 3809 gebat.
415 3722 514 3807 Regis
537 3736 647 3786 tamen
670 3722 848 3785 dominium
871 3746 937 3786 uno
959 3746 1044 3787 anno
1059 3724 1092 3787 in
1106 3724 1255 3789 miseram
1276 3739 1409 3810 gentem

258 3812 319 3877 sibi
341 3810 518 3896 usurpavit,
536 3809 594 3873 sed
616 3809 756 3873 officinm
777 3809 810 3871 in
833 3810 977 3874 dominio
999 3810 1127 3875 minime
1151 3812 1409 3878 commendavit:

261 3900 519 3985 Compassusque
543 3895 673 3983 pietatis
692 3896 852 3961 Dominus
874 3898 1000 3978 miserae
1022 3898 1126 3982 gentis
1142 3899 1289 3979 miseriae,
1311 3901 1411 3965 Sanc·

259 3999 328 4051 tum
359 3985 544 4052 oswaldum
576 3982 719 4047 AEnsridi
747 3982 879 4049 fratrem
906 4008 948 4050 ex
969 3987 1080 4051 Accha
1105 4009 1214 4052 sorore
1236 3990 1306 4072 jam
1332 3988 1411 4052 dicti

256 4073 341 4160 regis
359 4072 501 4139 AEdwini
516 4071 724 4157 progenitum
740 4072 925 4149 suscitavit3
941 4073 1116 4162 ipsumque
1132 4072 1259 4138 eximiae
1281 4075 1410 4160 pietatis

257 4176 291 4228 et
313 4160 474 4245 religionis
490 4159 594 4223 virum
612 4160 766 4245 congredi
790 4183 863 4225 cum
881 4161 1052 4238 Caedwala‚
1069 4185 1134 4225 non
1149 4161 1269 4225 viribus
1284 4162 1337 4227 vel
1359 4185 1411 4227 ar-¹

254 4249 314 4314 mis
330 4262 466 4326 tanturn,
484 4248 541 4313 sed
563 4247 780 4332 compatiendi
803 4248 936 4312 caritate
952 4260 986 4313 et
1009 4248 1167 4333 oppressis
1183 4249 1406 4328 subveniendi,

256 4337 309 4423 pia
335 4336 512 4402 intentione
540 4333 707 4420 disposuit.
755 4334 912 4401 Fraternb
937 4335 1035 4420 igitur
1059 4336 1202 4417 caritate,
1229 4360 1302 4425 quae
1325 4337 1412 4402 vinci

693 4516 706 4544 ⁹
731 4508 781 4560 Vel
794 4516 904 4577 excepta
915 4512 975 4561 MS.
