3142 5159
519 507 632 561 nnars
661 510 879 561 neritonum.
1227 498 1275 582 27

127 692 188 755 per
200 670 355 735 deremet
367 683 489 755 septem
505 693 605 735 annos
619 672 752 737 viderat.
800 672 919 736 Manius
931 670 1278 759 quoque'valitudinem

130 759 214 822 adeo
244 757 438 843 perdiderat,
461 771 499 821 ut
524 780 584 822 nec
610 760 728 844 digitos
751 760 929 823 extendere
952 774 1073 843 posset,
1096 782 1155 824 nec
1179 759 1279 845 pugni

34 902 39 907 .
130 847 161 929 ej
167 846 277 909 usdem
287 844 361 908 vola
377 845 550 909 amolestia
560 847 716 929 unguium
729 869 800 910 eam
812 846 1037 910 miserabiliter
1047 845 1280 930 perforantium

131 952 245 995 secura
260 944 355 995 essct.
402 930 473 995 Nec
484 931 553 1015 jam
569 933 671 995 solum
688 954 752 996 non
768 933 984 997 auxiliabatur
996 933 1123 1017 corpori
1138 956 1197 997 suo
1213 955 1281 995 ma-

131 1041 192 1081 nus
208 1018 263 1081 illa
281 1030 487 1102 praemortua,
507 1041 618 1081 verum
634 1020 731 1083 etiam
747 1019 874 1083 sibimet
893 1020 953 1104 ipsi
972 1020 1113 1103 graviter
1130 1020 1280 1083 nocebat.

135 1105 224 1168 Pede
241 1103 462 1179 nichilominus
477 1106 620 1170 arefacto
632 1129 668 1169 ac
682 1106 871 1169 deformiter
880 1121 1060 1183 recurvato,
1072 1106 1118 1170 ita
1127 1120 1198 1169 toto
1210 1128 1281 1169 cor-

131 1212 212 1275 pore
222 1190 336 1254 mulier
350 1191 419 1255 haec
432 1192 549 1254 inutilis
565 1191 650 1255 facta
665 1205 743 1270 erat,
756 1206 792 1256 ut
807 1215 1009 1278 nequaquam
1021 1194 1089 1256 sola
1104 1216 1137 1256 se
1153 1193 1280 1256 deloco

133 1300 277 1354 movere,
300 1300 456 1363 nusquam
478 1278 538 1341 nisi
562 1279 685 1342 baculis
712 1280 964 1343 sustentantibus
987 1279 1138 1364 progredi
1161 1292 1281 1363 posset.

7 1369 10 1405 ³
104 1385 107 1389 ·
138 1364 287 1439 Quadam
311 1364 406 1449 igiter
427 1376 523 1428 nocte
546 1378 618 1449 post
638 1366 746 1429 solitas
769 1388 880 1450 preces
901 1366 1110 1452 lacrimasque
1139 1365 1282 1430 Domino

132 1450 229 1528 fusas,
242 1449 274 1513 in
288 1451 375 1515 lecto
387 1474 444 1515 suo
460 1451 657 1528 dormitanti,
674 1452 803 1537 quidam
820 1452 910 1515 mirae
925 1452 1169 1536 pulchritudinis
1183 1453 1282 1515 homo

134 1560 310 1621 purpuram
325 1550 493 1624 vestesque
509 1538 612 1621 regias
636 1538 778 1615 indutus,
796 1554 892 1623 prout
908 1539 968 1603 sibi
984 1539 1164 1616 videbatur,
1181 1539 1283 1602 astitit

7 1634 10 1657 ’·
98 1647 102 1653 ’
135 1624 256 1687 dicens..
302 1634 325 1666 ‘⁶
341 1626 444 1709 Surge
468 1624 593 1701 mulier,
609 1647 703 1689 mane
726 1625 825 1702 facto,
842 1638 876 1689 et
899 1627 940 1690 ad
956 1625 1064 1689 villam
1079 1648 1191 1712 usque,
1231 1648 1283 1688 uae

138 1710 170 1773 T
170 1710 369 1795 yncmudtha
388 1711 517 1787 dicitur,
539 1712 701 1795 quomodo
716 1712 836 1795 poteris
859 1715 1026 1795 pervenire
1045 1713 1166 1776 labora.
1250 1712 1284 1776 bi

136 1796 170 1859 in
194 1796 326 1860 ecclesia
349 1797 461 1861 Beatae
487 1797 627 1880 Virginis
650 1797 766 1861 Mariae
788 1798 961 1897 requiescit
989 1800 1124 1861 Sanctus
1155 1798 1228 1861 Rex
1251 1812 1284 1862 et

139 1882 267 1967 Martyr
286 1883 443 1960 Oswinus,
456 1884 546 1967 cujus
560 1884 750 1948 venerandae
766 1884 921 1968 passionis
933 1898 966 1948 et
978 1884 1190 1948 translationis
1203 1884 1286 1948 festa

136 1981 210 2052 post
226 1984 290 2032 tres
307 1969 501 2035 ebdomadas
517 1971 620 2033 annuli
636 1971 809 2034 devotione
832 1970 1023 2034 reiterandae
1039 1983 1124 2034 sunt.
1171 1971 1284 2057 Ibique

137 2055 258 2119 meritis
275 2078 312 2119 ac
335 2056 482 2140 precibus
502 2056 647 2140 ejusdem
671 2056 746 2121 Deo
761 2056 850 2140 digni
875 2057 1029 2143 Martyris
1051 2057 1151 2121 habes
1167 2057 1282 2135 sanari,

137 2139 198 2205 nisi
218 2143 350 2205 credere
366 2158 399 2207 et
415 2142 456 2205 ad
478 2143 594 2205 festum
611 2142 719 2207 venire
743 2144 950 2207 tardaveris.’'
997 2143 1068 2208 Nec
1090 2144 1183 2227 plura
1196 2145 1287 2207 locu·

139 2242 201 2305 tus,
219 2229 385 2313 disparuit.
434 2230 597 2313 Evigilans
610 2229 717 2315 itaque
727 2230 857 2306 femina,
869 2243 902 2293 et
918 2231 960 2293 ob
975 2230 1159 2314 hujusmodi
1172 2254 1286 2294 vocem

139 2315 328 2393 exhilarata,
350 2329 463 2400 utpote
486 2316 715 2401 recuperandae
738 2316 848 2381 salutis
871 2317 997 2400 cupida,
1015 2330 1088 2379 orto
1111 2318 1177 2381 sole
1200 2318 1287 2381 facta

140 2414 190 2465 est
205 2403 306 2465 omnis
322 2425 421 2466 morae
437 2402 552 2467 nescia.
607 2404 755 2488 Cumque
777 2403 900 2466 bacillis
923 2403 1033 2466 innixa
1047 2404 1137 2466 vultu
1154 2426 1284 2480 cernuo,

140 2489 197 2551 illo
212 2512 270 2551 suo
287 2511 375 2553 more
390 2511 503 2573 repere
525 2490 743 2575 potiusquam
767 2489 941 2572 procedere
964 2501 1102 2573 pararet,
1120 2489 1193 2553 ilico
1208 2490 1289 2552 divi-

142 2574 227 2637 nitus
243 2587 279 2638 ut
293 2574 460 2639 fatendum
473 2587 521 2638 est
537 2574 658 2658 adjuta,
676 2576 771 2637 solito
788 2598 821 2637 se
837 2575 1035 2652 alacriorem,
1047 2588 1080 2638 et
1095 2576 1137 2638 ad
1152 2599 1288 2660 pergen-

142 2661 220 2723 dum
235 2659 407 2724 firmiorem
422 2660 517 2725 fuisse
537 2662 708 2724 asserebat.
757 2660 969 2747 Nequaquam
986 2675 1093 2725 tamen
1109 2662 1151 2725 ad
1174 2662 1289 2746 praefa-

143 2762 212 2811 tum
237 2747 473 2824 monasterium,
496 2747 583 2831 quod
609 2770 673 2811 non
696 2747 800 2811 multo
823 2748 892 2831 plus
913 2748 1082 2811 duodecim
1104 2748 1245 2812 miliariis
1269 2771 1289 2811 a

145 2834 310 2899 Dunelmo
322 2833 454 2899 civitate
471 2834 578 2912 distat,
596 2847 671 2897 ante
695 2846 760 2898 tres
776 2834 968 2918 septimanas
989 2833 1183 2899 incommodi
1195 2835 1289 2899 nimi·

143 2933 231 2985 etate
247 2921 390 2998 detenta,
408 2922 588 3004 pervenisse
605 2920 715 2984 valuit.
764 2922 888 3007 Cumqe
903 2921 958 2983 vix
973 2936 1103 3005 peracto
1118 2922 1231 2986 itinere
1246 2922 1289 2985 ad

146 3008 275 3093 Tynam
289 3007 421 3074 fluvium
444 3007 651 3092 pervenisset,
669 3007 749 3070 vidit
771 3007 934 3071 hominem
946 3007 982 3071 in
1002 3007 1121 3071 litorali
1143 3007 1290 3072 navicula

144 3095 349 3171 residentem,
366 3106 400 3158 et
423 3108 576 3181 tanquam
590 3116 663 3158 eam
679 3093 850 3173 diligenter
864 3094 908 3157 ibi
923 3095 1173 3178 praestolantem.
1222 3094 1288 3167 Qui

145 3181 223 3244 dicit
238 3181 294 3245 illi.
327 3191 349 3222 ‘⁶
363 3181 462 3247 Visne
478 3182 538 3245 hac
554 3181 687 3244 transire
697 3182 732 3245 ?’'
782 3181 843 3245 Cui
860 3180 924 3258 illa,
941 3191 963 3222 “
974 3181 1066 3244 volo''
1083 3181 1196 3267 inquit,
1216 3191 1238 3222 “
1250 3204 1288 3245 ac

145 3269 281 3353 supplex
293 3268 326 3333 id
341 3268 510 3353 deposcol’
558 3268 601 3331 Et
616 3268 783 3344 accedens,
798 3268 895 3331 intrat
910 3268 1050 3332 lembum
1065 3282 1099 3331 et
1111 3281 1287 3332 transeunt.

150 3354 233 3428 Quae
249 3378 322 3418 cum
338 3354 477 3419 audisset
496 3354 673 3426 Beatissimi
692 3354 791 3438 Regis
806 3370 838 3418 et
856 3354 1009 3440 Martyris
1029 3354 1148 3419 Oswini
1164 3356 1290 3419 solemi-

146 3454 247 3505 tatem
262 3441 293 3503 in
309 3441 446 3505 crastino
462 3440 514 3505 die
530 3464 600 3504 esse
619 3442 854 3518 celebrandam,
871 3464 936 3505 non
956 3442 1160 3505 mediocriter
1181 3442 1290 3525 gavisa

146 3528 189 3593 ad
203 3527 430 3591 monasterium
452 3540 613 3612 properat.
661 3527 704 3590 Et
720 3551 760 3591 ne
774 3528 791 3592 ir
807 3528 1011 3592 multitudine
1025 3528 1200 3605 hominum,
1218 3551 1291 3612 gra-

146 3614 192 3679 tia
207 3612 386 3677 festivitatis
399 3636 439 3677 eo
455 3614 668 3701 undicumque
685 3614 893 3691 affluentium,
911 3626 1110 3698 premeretur
1121 3615 1172 3679 vel
1186 3614 1291 3701 inqui·

147 3715 299 3778 staretur,
313 3700 398 3765 facta
408 3700 553 3765 oratione
565 3700 606 3763 ad
618 3701 822 3784 sepulchrum
838 3701 947 3764 Sancti
964 3699 1129 3786 Martyris,
1140 3701 1290 3785 prudenti

147 3787 280 3851 consilio
292 3787 421 3851 secessit
437 3787 469 3850 in
484 3787 632 3851 locellum
649 3788 808 3874 quendam
823 3788 986 3863 ecclesiae3
1003 3787 1110 3874 ibique
1120 3788 1290 3873 separatim

147 3874 286 3939 orationi
307 3898 431 3952 vacans,
449 3888 482 3939 et
508 3874 572 3937 Dei
595 3874 843 3939 misericordiam
867 3897 940 3937 cum
956 3874 1082 3938 silentio
1104 3878 1288 3959 expectans,

146 3961 286 4046 suspiriis
308 3964 349 4026 ab
372 3964 437 4027 imo
460 3973 591 4046 pectore
614 3959 728 4039 ductis,
745 3962 903 4045 plorabat,
928 3962 1070 4045 geminas
1093 3963 1227 4027 tendens
1250 3962 1292 4027 ad

147 4048 262 4133 sydera
276 4048 406 4132 palmas.
454 4049 597 4134 Populus
612 4062 721 4112 autem
735 4048 971 4112 innumerabilis
986 4048 1240 4126 circumastabat,
1258 4062 1292 4112 et

149 4134 292 4199 Domino
315 4135 523 4221 supplicabat,
542 4148 578 4198 ut
600 4158 672 4198 eam
694 4134 743 4197 sui
767 4134 921 4220 Martyris
945 4136 1091 4220 precibus
1114 4148 1146 4200 et
1169 4136 1291 4199 meritis

148 4243 260 4285 sanare
275 4220 472 4305 dignaretur.
522 4222 610 4295 Quid
625 4243 733 4285 moror
748 4219 779 4283 in
796 4222 914 4284 multis.
962 4222 1124 4305 Tempore
1138 4223 1208 4307 jam
1222 4244 1293 4285 ves-

147 4307 274 4394 pertino
299 4308 543 4397 propinquante,
568 4307 666 4392 coepit
681 4307 796 4371 mulier
819 4308 986 4372 sanitatem
1007 4308 1161 4393 recipere.
1208 4307 1292 4371 Mox

149 4416 228 4479 ergo
251 4394 315 4458 Dei
331 4394 449 4459 virtute
465 4394 601 4459 mirabili
623 4394 810 4458 mirabiliter
833 4408 996 4479 operante,
1010 4416 1124 4479 corpus
1140 4395 1196 4457 diu
1218 4416 1294 4457 con-

148 4494 285 4549 tractum
313 4481 436 4547 ossibus
463 4496 496 4547 et
522 4483 627 4547 nervis
653 4480 812 4566 perditam
831 4482 895 4545 vim
919 4481 1154 4566 recipientibus,
1171 4480 1295 4545 'mirum
