<?xml version="1.0" encoding="UTF-8"?>
<!DOCTYPE html PUBLIC "-//W3C//DTD XHTML 1.0 Transitional//EN"
    "http://www.w3.org/TR/xhtml1/DTD/xhtml1-transitional.dtd">
<html xmlns="http://www.w3.org/1999/xhtml" xml:lang="en" lang="en">
 <head>
  <title>
</title>
<meta http-equiv="Content-Type" content="text/html;charset=utf-8" />
  <meta name='ocr-system' content='tesseract 3.04.00' />
  <meta name='ocr-capabilities' content='ocr_page ocr_carea ocr_par ocr_line ocrx_word'/>
</head>
<body>
  <div class='ocr_page' id='page_1' title='image "./miscellaneabiog02raingoog_0051.png"; bbox 0 0 3142 5159; ppageno 0'>
   <div class='ocr_carea' id='block_1_1' title="bbox 536 494 1287 560">
    <p class='ocr_par' dir='ltr' id='par_1_1' title="bbox 536 494 1287 560">
     <span class='ocr_line' id='line_1_1' title="bbox 536 494 1287 560; baseline 0 -1"><span class='ocrx_word' id='word_1_1' title='bbox 536 511 648 560; x_wconf 81' lang='lat' dir='ltr'>nucis</span> <span class='ocrx_word' id='word_1_2' title='bbox 672 507 896 559; x_wconf 79' lang='lat' dir='ltr'>nmaouuu.</span> <span class='ocrx_word' id='word_1_3' title='bbox 1242 494 1287 560; x_wconf 83' lang='lat'>31</span> 
     </span>
    </p>
   </div>
   <div class='ocr_carea' id='block_1_2' title="bbox 137 760 1293 929">
    <p class='ocr_par' dir='ltr' id='par_1_2' title="bbox 137 760 1293 929">
     <span class='ocr_line' id='line_1_2' title="bbox 137 760 1293 840; baseline -0.004 -12"><span class='ocrx_word' id='word_1_4' title='bbox 137 764 239 828; x_wconf 87' lang='lat' dir='ltr'>CAP.</span> <span class='ocrx_word' id='word_1_5' title='bbox 263 761 550 840; x_wconf 79' lang='lat' dir='ltr'>XVL--Qualiter</span> <span class='ocrx_word' id='word_1_6' title='bbox 572 764 606 824; x_wconf 80' lang='lat' dir='ltr'>ia</span> <span class='ocrx_word' id='word_1_7' title='bbox 628 761 756 823; x_wconf 74' lang='lat' dir='ltr'>ecclesia</span> <span class='ocrx_word' id='word_1_8' title='bbox 778 762 846 840; x_wconf 77' lang='lat' dir='ltr'>ejas</span> <span class='ocrx_word' id='word_1_9' title='bbox 867 760 978 822; x_wconf 80' lang='lat' dir='ltr'>mulier</span> <span class='ocrx_word' id='word_1_10' title='bbox 991 762 1029 823; x_wconf 84' lang='lat' dir='ltr'>de</span> <span class='ocrx_word' id='word_1_11' title='bbox 1043 762 1197 823; x_wconf 77' lang='lat' dir='ltr'>arraorio</span> <span class='ocrx_word' id='word_1_12' title='bbox 1220 762 1293 824; x_wconf 86' lang='lat' dir='ltr'>Du-</span> 
     </span>
     <span class='ocr_line' id='line_1_3' title="bbox 246 847 1182 929; baseline 0 -18"><span class='ocrx_word' id='word_1_13' title='bbox 246 851 392 913; x_wconf 81' lang='lat' dir='ltr'>aelmeasi</span> <span class='ocrx_word' id='word_1_14' title='bbox 406 847 428 911; x_wconf 84' lang='lat' dir='ltr'>d</span> <span class='ocrx_word' id='word_1_15' title='bbox 442 869 548 911; x_wconf 81' lang='lat' dir='ltr'>reram</span> <span class='ocrx_word' id='word_1_16' title='bbox 563 850 722 928; x_wconf 69' lang='lat' dir='ltr'>languore,</span> <span class='ocrx_word' id='word_1_17' title='bbox 739 866 800 929; x_wconf 84' lang='lat' dir='ltr'>qao</span> <span class='ocrx_word' id='word_1_18' title='bbox 814 847 984 923; x_wconf 81' lang='lat' dir='ltr'><strong><em>laborabat,</em></strong></span> <span class='ocrx_word' id='word_1_19' title='bbox 1002 850 1045 909; x_wconf 81' lang='lat' dir='ltr'>sr‘t</span> <span class='ocrx_word' id='word_1_20' title='bbox 1057 856 1182 911; x_wconf 81' lang='lat' dir='ltr'>sanata.</span> 
     </span>
    </p>
   </div>
   <div class='ocr_carea' id='block_1_3' title="bbox 186 1018 1293 1119">
    <p class='ocr_par' dir='ltr' id='par_1_3' title="bbox 186 1018 1293 1119">
     <span class='ocr_line' id='line_1_4' title="bbox 186 1018 1293 1119; baseline -0.001 -33"><span class='ocrx_word' id='word_1_21' title='bbox 186 1022 271 1086; x_wconf 87' lang='lat' dir='ltr'>Illud</span> <span class='ocrx_word' id='word_1_22' title='bbox 287 1020 384 1086; x_wconf 89' lang='lat' dir='ltr'>etiam</span> <span class='ocrx_word' id='word_1_23' title='bbox 400 1020 463 1085; x_wconf 89' lang='lat' dir='ltr'>sert</span> <span class='ocrx_word' id='word_1_24' title='bbox 479 1019 601 1083; x_wconf 91' lang='lat' dir='ltr'>animus</span> <span class='ocrx_word' id='word_1_25' title='bbox 622 1018 753 1082; x_wconf 89' lang='lat' dir='ltr'>litterali</span> <span class='ocrx_word' id='word_1_26' title='bbox 768 1018 996 1082; x_wconf 90' lang='lat' dir='ltr'>commendare</span> <span class='ocrx_word' id='word_1_27' title='bbox 1010 1019 1186 1097; x_wconf 72' lang='lat' dir='ltr'>memoriae,</span> <span class='ocrx_word' id='word_1_28' title='bbox 1203 1021 1293 1119; x_wconf 81' lang='lat' dir='ltr'>quod</span> 
     </span>
    </p>
   </div>
   <div class='ocr_carea' id='block_1_4' title="bbox 137 1105 1297 2575">
    <p class='ocr_par' dir='ltr' id='par_1_4' title="bbox 137 1105 1297 2575">
     <span class='ocr_line' id='line_1_5' title="bbox 137 1105 1293 1195; baseline 0 -23"><span class='ocrx_word' id='word_1_29' title='bbox 137 1108 171 1172; x_wconf 91' lang='lat' dir='ltr'>in</span> <span class='ocrx_word' id='word_1_30' title='bbox 187 1108 335 1195; x_wconf 88' lang='lat' dir='ltr'><strong>sequenti</strong></span> <span class='ocrx_word' id='word_1_31' title='bbox 350 1130 435 1171; x_wconf 92' lang='lat' dir='ltr'>anno</span> <span class='ocrx_word' id='word_1_32' title='bbox 450 1107 545 1170; x_wconf 86' lang='lat' dir='ltr'>laude</span> <span class='ocrx_word' id='word_1_33' title='bbox 569 1105 699 1190; x_wconf 91' lang='lat' dir='ltr'>plenum</span> <span class='ocrx_word' id='word_1_34' title='bbox 715 1116 748 1168; x_wconf 93' lang='lat' dir='ltr'>et</span> <span class='ocrx_word' id='word_1_35' title='bbox 771 1105 837 1168; x_wconf 85' lang='lat' dir='ltr'>lide</span> <span class='ocrx_word' id='word_1_36' title='bbox 853 1105 973 1168; x_wconf 86' lang='lat' dir='ltr'>factum</span> <span class='ocrx_word' id='word_1_37' title='bbox 995 1106 1182 1192; x_wconf 88' lang='lat' dir='ltr'>agnovimus</span> <span class='ocrx_word' id='word_1_38' title='bbox 1198 1131 1293 1172; x_wconf 82' lang='lat' dir='ltr'>mira·</span> 
     </span>
     <span class='ocr_line' id='line_1_6' title="bbox 138 1190 1294 1279; baseline -0.002 -20"><span class='ocrx_word' id='word_1_39' title='bbox 138 1195 258 1259; x_wconf 92' lang='lat' dir='ltr'>culum.</span> <span class='ocrx_word' id='word_1_40' title='bbox 300 1194 485 1258; x_wconf 90' lang='lat' dir='ltr'>Absurdum</span> <span class='ocrx_word' id='word_1_41' title='bbox 502 1192 587 1256; x_wconf 89' lang='lat' dir='ltr'>enim</span> <span class='ocrx_word' id='word_1_42' title='bbox 602 1204 636 1255; x_wconf 87' lang='lat' dir='ltr'>et</span> <span class='ocrx_word' id='word_1_43' title='bbox 649 1190 817 1273; x_wconf 30' lang='lat' dir='ltr'>,indignum</span> <span class='ocrx_word' id='word_1_44' title='bbox 835 1191 973 1269; x_wconf 89' lang='lat' dir='ltr'>videtur,</span> <span class='ocrx_word' id='word_1_45' title='bbox 991 1206 1028 1255; x_wconf 92' lang='lat' dir='ltr'>ut</span> <span class='ocrx_word' id='word_1_46' title='bbox 1043 1206 1198 1279; x_wconf 88' lang='lat' dir='ltr'>quantum</span> <span class='ocrx_word' id='word_1_47' title='bbox 1214 1194 1294 1259; x_wconf 90' lang='lat' dir='ltr'>Om-</span> 
     </span>
     <span class='ocr_line' id='line_1_7' title="bbox 137 1277 1294 1367; baseline -0.002 -21"><span class='ocrx_word' id='word_1_48' title='bbox 137 1283 288 1367; x_wconf 88' lang='lat' dir='ltr'>nipotens</span> <span class='ocrx_word' id='word_1_49' title='bbox 318 1280 477 1344; x_wconf 89' lang='lat' dir='ltr'>Dominus</span> <span class='ocrx_word' id='word_1_50' title='bbox 508 1301 567 1363; x_wconf 87' lang='lat' dir='ltr'>per</span> <span class='ocrx_word' id='word_1_51' title='bbox 588 1278 763 1362; x_wconf 90' lang='lat' dir='ltr'>gloriosum</span> <span class='ocrx_word' id='word_1_52' title='bbox 790 1277 913 1361; x_wconf 83' lang='lat' dir='ltr'>Regem</span> <span class='ocrx_word' id='word_1_53' title='bbox 938 1281 972 1342; x_wconf 85' lang='lat' dir='ltr'>et</span> <span class='ocrx_word' id='word_1_54' title='bbox 996 1279 1177 1365; x_wconf 89' lang='lat' dir='ltr'>Martyrem</span> <span class='ocrx_word' id='word_1_55' title='bbox 1199 1304 1294 1344; x_wconf 92' lang='lat' dir='ltr'>suum</span> 
     </span>
     <span class='ocr_line' id='line_1_8' title="bbox 142 1363 1294 1452; baseline -0.002 -18"><span class='ocrx_word' id='word_1_56' title='bbox 142 1368 309 1434; x_wconf 89' lang='lat' dir='ltr'>Oswinum</span> <span class='ocrx_word' id='word_1_57' title='bbox 334 1366 459 1452; x_wconf 88' lang='lat' dir='ltr'>operari</span> <span class='ocrx_word' id='word_1_58' title='bbox 483 1365 644 1449; x_wconf 83' lang='lat' dir='ltr'>dignetur,</span> <span class='ocrx_word' id='word_1_59' title='bbox 674 1364 692 1426; x_wconf 69' lang='lat' dir='ltr'>a</span> <span class='ocrx_word' id='word_1_60' title='bbox 718 1364 808 1427; x_wconf 89' lang='lat' dir='ltr'>nullo</span> <span class='ocrx_word' id='word_1_61' title='bbox 836 1364 888 1427; x_wconf 86' lang='lat' dir='ltr'>vel</span> <span class='ocrx_word' id='word_1_62' title='bbox 913 1363 1115 1451; x_wconf 84' lang='lat' dir='ltr'>aliquatenus</span> <span class='ocrx_word' id='word_1_63' title='bbox 1139 1367 1294 1451; x_wconf 87' lang='lat' dir='ltr'>scriptum</span> 
     </span>
     <span class='ocr_line' id='line_1_9' title="bbox 137 1450 1295 1540; baseline -0.003 -19"><span class='ocrx_word' id='word_1_64' title='bbox 137 1466 346 1521; x_wconf 85' lang='lat' dir='ltr'><strong>memoretur.</strong></span> <span class='ocrx_word' id='word_1_65' title='bbox 395 1453 493 1518; x_wconf 89' lang='lat' dir='ltr'>Unde</span> <span class='ocrx_word' id='word_1_66' title='bbox 509 1452 585 1540; x_wconf 92' lang='lat' dir='ltr'>quia</span> <span class='ocrx_word' id='word_1_67' title='bbox 599 1451 704 1514; x_wconf 91' lang='lat' dir='ltr'>nullus</span> <span class='ocrx_word' id='word_1_68' title='bbox 716 1464 765 1515; x_wconf 93' lang='lat' dir='ltr'>est</span> <span class='ocrx_word' id='word_1_69' title='bbox 778 1450 833 1536; x_wconf 89' lang='lat' dir='ltr'>qui</span> <span class='ocrx_word' id='word_1_70' title='bbox 848 1450 882 1514; x_wconf 93' lang='lat' dir='ltr'>id</span> <span class='ocrx_word' id='word_1_71' title='bbox 897 1451 1000 1535; x_wconf 90' lang='lat' dir='ltr'>operis</span> <span class='ocrx_word' id='word_1_72' title='bbox 1016 1453 1205 1537; x_wconf 72' lang='lat' dir='ltr'>propensius</span> <span class='ocrx_word' id='word_1_73' title='bbox 1217 1477 1295 1518; x_wconf 90' lang='lat' dir='ltr'>exe-</span> 
     </span>
     <span class='ocr_line' id='line_1_10' title="bbox 140 1537 1293 1629; baseline -0.001 -23"><span class='ocrx_word' id='word_1_74' title='bbox 140 1555 269 1629; x_wconf 87' lang='lat' dir='ltr'>quatur,</span> <span class='ocrx_word' id='word_1_75' title='bbox 282 1563 341 1604; x_wconf 91' lang='lat' dir='ltr'>nos</span> <span class='ocrx_word' id='word_1_76' title='bbox 357 1538 407 1625; x_wconf 68' lang='lat' dir='ltr'>pic</span> <span class='ocrx_word' id='word_1_77' title='bbox 423 1552 664 1625; x_wconf 74' lang='lat' dir='ltr'>praesumentes,</span> <span class='ocrx_word' id='word_1_78' title='bbox 679 1538 765 1601; x_wconf 91' lang='lat' dir='ltr'>etde</span> <span class='ocrx_word' id='word_1_79' title='bbox 780 1537 903 1601; x_wconf 85' lang='lat' dir='ltr'>meritis</span> <span class='ocrx_word' id='word_1_80' title='bbox 915 1538 1012 1623; x_wconf 91' lang='lat' dir='ltr'>ipsius</span> <span class='ocrx_word' id='word_1_81' title='bbox 1028 1539 1121 1603; x_wconf 87' lang='lat' dir='ltr'>Beati</span> <span class='ocrx_word' id='word_1_82' title='bbox 1139 1540 1293 1625; x_wconf 88' lang='lat' dir='ltr'>Martyris</span> 
     </span>
     <span class='ocr_line' id='line_1_11' title="bbox 141 1624 1295 1710; baseline -0.001 -17"><span class='ocrx_word' id='word_1_83' title='bbox 141 1643 174 1694; x_wconf 89' lang='lat' dir='ltr'>et</span> <span class='ocrx_word' id='word_1_84' title='bbox 190 1628 385 1693; x_wconf 73' lang='lat' dir='ltr'>obaedientia</span> <span class='ocrx_word' id='word_1_85' title='bbox 400 1626 610 1701; x_wconf 87' lang='lat' dir='ltr'>confidentes,</span> <span class='ocrx_word' id='word_1_86' title='bbox 628 1624 774 1708; x_wconf 84' lang='lat' dir='ltr'>eligimus</span> <span class='ocrx_word' id='word_1_87' title='bbox 799 1624 840 1687; x_wconf 93' lang='lat' dir='ltr'>de</span> <span class='ocrx_word' id='word_1_88' title='bbox 857 1624 1027 1689; x_wconf 88' lang='lat' dir='ltr'>virtutibus</span> <span class='ocrx_word' id='word_1_89' title='bbox 1051 1627 1119 1710; x_wconf 91' lang='lat' dir='ltr'>ejus</span> <span class='ocrx_word' id='word_1_90' title='bbox 1143 1640 1177 1691; x_wconf 91' lang='lat' dir='ltr'>et</span> <span class='ocrx_word' id='word_1_91' title='bbox 1199 1628 1295 1692; x_wconf 90' lang='lat' dir='ltr'>mira-</span> 
     </span>
     <span class='ocr_line' id='line_1_12' title="bbox 142 1710 1295 1801; baseline 0.001 -22"><span class='ocrx_word' id='word_1_92' title='bbox 142 1715 221 1779; x_wconf 86' lang='lat' dir='ltr'>culis</span> <span class='ocrx_word' id='word_1_93' title='bbox 252 1714 373 1801; x_wconf 89' lang='lat' dir='ltr'>aliquid</span> <span class='ocrx_word' id='word_1_94' title='bbox 403 1712 680 1799; x_wconf 85' lang='lat' dir='ltr'>qualitercumque</span> <span class='ocrx_word' id='word_1_95' title='bbox 714 1732 812 1796; x_wconf 88' lang='lat' dir='ltr'>quam</span> <span class='ocrx_word' id='word_1_96' title='bbox 846 1710 943 1774; x_wconf 86' lang='lat' dir='ltr'>nichil</span> <span class='ocrx_word' id='word_1_97' title='bbox 977 1712 1108 1775; x_wconf 90' lang='lat' dir='ltr'>omnino</span> <span class='ocrx_word' id='word_1_98' title='bbox 1141 1715 1295 1780; x_wconf 85' lang='lat' dir='ltr'>scribere.</span> 
     </span>
     <span class='ocr_line' id='line_1_13' title="bbox 146 1796 1294 1887; baseline 0.001 -22"><span class='ocrx_word' id='word_1_99' title='bbox 146 1800 250 1885; x_wconf 86' lang='lat' dir='ltr'>Igitur</span> <span class='ocrx_word' id='word_1_100' title='bbox 264 1800 413 1887; x_wconf 86' lang='lat' dir='ltr'>quaedam</span> <span class='ocrx_word' id='word_1_101' title='bbox 429 1798 543 1861; x_wconf 89' lang='lat' dir='ltr'>mulier</span> <span class='ocrx_word' id='word_1_102' title='bbox 557 1797 588 1860; x_wconf 92' lang='lat' dir='ltr'>in</span> <span class='ocrx_word' id='word_1_103' title='bbox 606 1796 767 1861; x_wconf 89' lang='lat' dir='ltr'>territorio</span> <span class='ocrx_word' id='word_1_104' title='bbox 785 1797 939 1861; x_wconf 92' lang='lat' dir='ltr'>Dunelmi</span> <span class='ocrx_word' id='word_1_105' title='bbox 956 1798 1092 1862; x_wconf 90' lang='lat' dir='ltr'>civitatis</span> <span class='ocrx_word' id='word_1_106' title='bbox 1108 1800 1239 1885; x_wconf 89' lang='lat' dir='ltr'>degens,</span> <span class='ocrx_word' id='word_1_107' title='bbox 1256 1825 1294 1866; x_wconf 91' lang='lat' dir='ltr'>ac</span> 
     </span>
     <span class='ocr_line' id='line_1_14' title="bbox 141 1883 1294 1972; baseline 0.002 -21"><span class='ocrx_word' id='word_1_108' title='bbox 141 1888 246 1951; x_wconf 90' lang='lat' dir='ltr'>multo</span> <span class='ocrx_word' id='word_1_109' title='bbox 269 1910 311 1951; x_wconf 89' lang='lat' dir='ltr'>ex</span> <span class='ocrx_word' id='word_1_110' title='bbox 335 1899 479 1969; x_wconf 89' lang='lat' dir='ltr'>tempore</span> <span class='ocrx_word' id='word_1_111' title='bbox 502 1884 592 1968; x_wconf 90' lang='lat' dir='ltr'>gravi</span> <span class='ocrx_word' id='word_1_112' title='bbox 615 1906 727 1947; x_wconf 92' lang='lat' dir='ltr'>renum</span> <span class='ocrx_word' id='word_1_113' title='bbox 751 1883 939 1961; x_wconf 89' lang='lat' dir='ltr'>valitudine,</span> <span class='ocrx_word' id='word_1_114' title='bbox 964 1898 1131 1949; x_wconf 89' lang='lat' dir='ltr'>contracto</span> <span class='ocrx_word' id='word_1_115' title='bbox 1158 1909 1294 1972; x_wconf 88' lang='lat' dir='ltr'>corpore</span> 
     </span>
     <span class='ocr_line' id='line_1_15' title="bbox 143 1971 1296 2057; baseline 0.003 -21"><span class='ocrx_word' id='word_1_116' title='bbox 143 1974 295 2038; x_wconf 88' lang='lat' dir='ltr'>inclinata</span> <span class='ocrx_word' id='word_1_117' title='bbox 309 1995 450 2049; x_wconf 90' lang='lat' dir='ltr'>manens,</span> <span class='ocrx_word' id='word_1_118' title='bbox 468 1972 564 2036; x_wconf 88' lang='lat' dir='ltr'>itaut</span> <span class='ocrx_word' id='word_1_119' title='bbox 581 1993 783 2057; x_wconf 83' lang='lat' dir='ltr'>nequaquam</span> <span class='ocrx_word' id='word_1_120' title='bbox 799 1983 919 2048; x_wconf 88' lang='lat' dir='ltr'>erecta,</span> <span class='ocrx_word' id='word_1_121' title='bbox 937 1992 996 2034; x_wconf 91' lang='lat' dir='ltr'>nec</span> <span class='ocrx_word' id='word_1_122' title='bbox 1012 1971 1145 2056; x_wconf 88' lang='lat' dir='ltr'>uspiam,</span> <span class='ocrx_word' id='word_1_123' title='bbox 1163 1974 1223 2037; x_wconf 90' lang='lat' dir='ltr'>nisi</span> <span class='ocrx_word' id='word_1_124' title='bbox 1237 1978 1296 2039; x_wconf 88' lang='lat' dir='ltr'>ba-</span> 
     </span>
     <span class='ocr_line' id='line_1_16' title="bbox 143 2056 1296 2147; baseline 0.001 -22"><span class='ocrx_word' id='word_1_125' title='bbox 143 2060 221 2125; x_wconf 92' lang='lat' dir='ltr'>culis</span> <span class='ocrx_word' id='word_1_126' title='bbox 237 2060 377 2137; x_wconf 86' lang='lat' dir='ltr'>suffulta,</span> <span class='ocrx_word' id='word_1_127' title='bbox 392 2058 567 2143; x_wconf 87' lang='lat' dir='ltr'>procedere</span> <span class='ocrx_word' id='word_1_128' title='bbox 583 2069 701 2141; x_wconf 91' lang='lat' dir='ltr'>posset,</span> <span class='ocrx_word' id='word_1_129' title='bbox 715 2056 757 2120; x_wconf 90' lang='lat' dir='ltr'>ad</span> <span class='ocrx_word' id='word_1_130' title='bbox 772 2056 978 2121; x_wconf 78' lang='lat' dir='ltr'>festivitatem</span> <span class='ocrx_word' id='word_1_131' title='bbox 990 2061 1059 2144; x_wconf 91' lang='lat' dir='ltr'>jam</span> <span class='ocrx_word' id='word_1_132' title='bbox 1074 2059 1152 2122; x_wconf 91' lang='lat' dir='ltr'>dicti</span> <span class='ocrx_word' id='word_1_133' title='bbox 1169 2060 1296 2147; x_wconf 87' lang='lat' dir='ltr'>Marty-</span> 
     </span>
     <span class='ocr_line' id='line_1_17' title="bbox 141 2142 1294 2230; baseline 0.003 -20"><span class='ocrx_word' id='word_1_134' title='bbox 141 2147 185 2211; x_wconf 91' lang='lat' dir='ltr'>ris</span> <span class='ocrx_word' id='word_1_135' title='bbox 209 2147 283 2210; x_wconf 93' lang='lat' dir='ltr'>licet</span> <span class='ocrx_word' id='word_1_136' title='bbox 307 2144 511 2209; x_wconf 90' lang='lat' dir='ltr'>incommodo</span> <span class='ocrx_word' id='word_1_137' title='bbox 535 2144 590 2207; x_wconf 88' lang='lat' dir='ltr'>tali</span> <span class='ocrx_word' id='word_1_138' title='bbox 612 2143 758 2227; x_wconf 88' lang='lat' dir='ltr'>praedita,</span> <span class='ocrx_word' id='word_1_139' title='bbox 777 2142 915 2230; x_wconf 84' lang='lat' dir='ltr'>qualiter</span> <span class='ocrx_word' id='word_1_140' title='bbox 937 2157 1046 2208; x_wconf 89' lang='lat' dir='ltr'>tamen</span> <span class='ocrx_word' id='word_1_141' title='bbox 1060 2146 1177 2229; x_wconf 88' lang='lat' dir='ltr'>potuit,</span> <span class='ocrx_word' id='word_1_142' title='bbox 1196 2151 1294 2213; x_wconf 90' lang='lat' dir='ltr'>venit.</span> 
     </span>
     <span class='ocr_line' id='line_1_18' title="bbox 145 2229 1297 2321; baseline 0.002 -23"><span class='ocrx_word' id='word_1_143' title='bbox 145 2235 294 2321; x_wconf 87' lang='lat' dir='ltr'>Cumque</span> <span class='ocrx_word' id='word_1_144' title='bbox 311 2233 342 2295; x_wconf 90' lang='lat' dir='ltr'>iu</span> <span class='ocrx_word' id='word_1_145' title='bbox 359 2232 492 2297; x_wconf 70' lang='lat' dir='ltr'>ecclesia</span> <span class='ocrx_word' id='word_1_146' title='bbox 510 2229 604 2294; x_wconf 90' lang='lat' dir='ltr'>Beati</span> <span class='ocrx_word' id='word_1_147' title='bbox 622 2230 775 2315; x_wconf 87' lang='lat' dir='ltr'>Martyris</span> <span class='ocrx_word' id='word_1_148' title='bbox 799 2229 914 2314; x_wconf 88' lang='lat' dir='ltr'>posita,</span> <span class='ocrx_word' id='word_1_149' title='bbox 932 2253 989 2315; x_wconf 92' lang='lat' dir='ltr'>spe</span> <span class='ocrx_word' id='word_1_150' title='bbox 1004 2232 1197 2316; x_wconf 86' lang='lat' dir='ltr'>recipiendae</span> <span class='ocrx_word' id='word_1_151' title='bbox 1212 2237 1297 2300; x_wconf 90' lang='lat' dir='ltr'>saui-</span> 
     </span>
     <span class='ocr_line' id='line_1_19' title="bbox 144 2317 1296 2403; baseline -0.001 -17"><span class='ocrx_word' id='word_1_152' title='bbox 144 2321 218 2386; x_wconf 90' lang='lat' dir='ltr'>tatis</span> <span class='ocrx_word' id='word_1_153' title='bbox 234 2318 443 2384; x_wconf 72' lang='lat' dir='ltr'>intentissime</span> <span class='ocrx_word' id='word_1_154' title='bbox 459 2340 532 2382; x_wconf 91' lang='lat' dir='ltr'>cum</span> <span class='ocrx_word' id='word_1_155' title='bbox 547 2317 683 2381; x_wconf 85' lang='lat' dir='ltr'>lacrimis</span> <span class='ocrx_word' id='word_1_156' title='bbox 700 2317 832 2395; x_wconf 70' lang='lat' dir='ltr'>orasset,</span> <span class='ocrx_word' id='word_1_157' title='bbox 850 2317 926 2403; x_wconf 92' lang='lat' dir='ltr'>quia</span> <span class='ocrx_word' id='word_1_158' title='bbox 940 2319 1079 2383; x_wconf 90' lang='lat' dir='ltr'>fideliter</span> <span class='ocrx_word' id='word_1_159' title='bbox 1094 2320 1207 2400; x_wconf 89' lang='lat' dir='ltr'>oravit,</span> <span class='ocrx_word' id='word_1_160' title='bbox 1224 2346 1296 2387; x_wconf 88' lang='lat' dir='ltr'>eam</span> 
     </span>
     <span class='ocr_line' id='line_1_20' title="bbox 143 2404 1294 2488; baseline 0.003 -17"><span class='ocrx_word' id='word_1_161' title='bbox 143 2408 295 2471; x_wconf 90' lang='lat' dir='ltr'>nimirum</span> <span class='ocrx_word' id='word_1_162' title='bbox 317 2405 479 2470; x_wconf 87' lang='lat' dir='ltr'>miseratio</span> <span class='ocrx_word' id='word_1_163' title='bbox 494 2404 603 2469; x_wconf 91' lang='lat' dir='ltr'>divina</span> <span class='ocrx_word' id='word_1_164' title='bbox 619 2404 716 2488; x_wconf 88' lang='lat' dir='ltr'>juxta</span> <span class='ocrx_word' id='word_1_165' title='bbox 738 2405 836 2468; x_wconf 93' lang='lat' dir='ltr'>fidem</span> <span class='ocrx_word' id='word_1_166' title='bbox 858 2426 949 2467; x_wconf 92' lang='lat' dir='ltr'>suam</span> <span class='ocrx_word' id='word_1_167' title='bbox 971 2406 1016 2467; x_wconf 93' lang='lat' dir='ltr'>nil</span> <span class='ocrx_word' id='word_1_168' title='bbox 1031 2418 1142 2469; x_wconf 93' lang='lat' dir='ltr'>votum</span> <span class='ocrx_word' id='word_1_169' title='bbox 1158 2423 1294 2487; x_wconf 87' lang='lat' dir='ltr'>morata,</span> 
     </span>
     <span class='ocr_line' id='line_1_21' title="bbox 145 2490 1255 2575; baseline 0.001 -16"><span class='ocrx_word' id='word_1_170' title='bbox 145 2496 185 2559; x_wconf 91' lang='lat' dir='ltr'>ab</span> <span class='ocrx_word' id='word_1_171' title='bbox 202 2494 288 2559; x_wconf 92' lang='lat' dir='ltr'>omni</span> <span class='ocrx_word' id='word_1_172' title='bbox 303 2492 489 2557; x_wconf 89' lang='lat' dir='ltr'>infirmitate</span> <span class='ocrx_word' id='word_1_173' title='bbox 506 2491 562 2555; x_wconf 74' lang='lat' dir='ltr'>sub</span> <span class='ocrx_word' id='word_1_174' title='bbox 576 2512 634 2575; x_wconf 89' lang='lat' dir='ltr'>per</span> <span class='ocrx_word' id='word_1_175' title='bbox 649 2490 779 2575; x_wconf 91' lang='lat' dir='ltr'>gloriosi</span> <span class='ocrx_word' id='word_1_176' title='bbox 796 2490 951 2575; x_wconf 87' lang='lat' dir='ltr'>Martyris</span> <span class='ocrx_word' id='word_1_177' title='bbox 967 2492 1082 2556; x_wconf 88' lang='lat' dir='ltr'>merita</span> <span class='ocrx_word' id='word_1_178' title='bbox 1095 2493 1255 2560; x_wconf 90' lang='lat' dir='ltr'>liberavit.</span> 
     </span>
    </p>
   </div>
   <div class='ocr_carea' id='block_1_5' title="bbox 149 2754 1299 2924">
    <p class='ocr_par' dir='ltr' id='par_1_5' title="bbox 149 2754 1299 2924">
     <span class='ocr_line' id='line_1_22' title="bbox 149 2754 1299 2837; baseline 0.002 -17"><span class='ocrx_word' id='word_1_179' title='bbox 149 2757 247 2821; x_wconf 85' lang='lat' dir='ltr'>CAP.</span> <span class='ocrx_word' id='word_1_180' title='bbox 264 2755 301 2819; x_wconf 91' lang='lat' dir='ltr'><em>X</em></span> <span class='ocrx_word' id='word_1_181' title='bbox 303 2755 478 2819; x_wconf 72' lang='lat' dir='ltr'>Vll-De</span> <span class='ocrx_word' id='word_1_182' title='bbox 487 2757 613 2817; x_wconf 81' lang='lat' dir='ltr'>moliare</span> <span class='ocrx_word' id='word_1_183' title='bbox 622 2763 787 2834; x_wconf 61' lang='lat' dir='ltr'>egrotante</span> <span class='ocrx_word' id='word_1_184' title='bbox 795 2757 847 2817; x_wconf 78' lang='lat' dir='ltr'>cai</span> <span class='ocrx_word' id='word_1_185' title='bbox 857 2754 988 2818; x_wconf 79' lang='lat' dir='ltr'>Sanctus</span> <span class='ocrx_word' id='word_1_186' title='bbox 998 2756 1129 2837; x_wconf 79' lang='lat' dir='ltr'>Martyr</span> <span class='ocrx_word' id='word_1_187' title='bbox 1139 2760 1172 2820; x_wconf 85' lang='lat' dir='ltr'>in</span> <span class='ocrx_word' id='word_1_188' title='bbox 1183 2760 1299 2821; x_wconf 80' lang='lat' dir='ltr'>samaia</span> 
     </span>
     <span class='ocr_line' id='line_1_23' title="bbox 242 2842 1200 2924; baseline 0.001 -19"><span class='ocrx_word' id='word_1_189' title='bbox 242 2846 392 2924; x_wconf 83' lang='lat' dir='ltr'>apparuit</span> <span class='ocrx_word' id='word_1_190' title='bbox 404 2870 414 2904; x_wconf 93' lang='lat'>.·</span> <span class='ocrx_word' id='word_1_191' title='bbox 437 2842 671 2924; x_wconf 81' lang='lat' dir='ltr'>qualitarjurta</span> <span class='ocrx_word' id='word_1_192' title='bbox 686 2843 809 2905; x_wconf 83' lang='lat' dir='ltr'>verbam</span> <span class='ocrx_word' id='word_1_193' title='bbox 823 2842 888 2922; x_wconf 72' lang='lat' dir='ltr'>‹ry&#39;as</span> <span class='ocrx_word' id='word_1_194' title='bbox 902 2844 999 2904; x_wconf 79' lang='lat' dir='ltr'>solati</span> <span class='ocrx_word' id='word_1_195' title='bbox 1012 2846 1055 2905; x_wconf 82' lang='lat' dir='ltr'>sit</span> <span class='ocrx_word' id='word_1_196' title='bbox 1067 2847 1200 2908; x_wconf 85' lang='lat' dir='ltr'>reddita.</span> 
     </span>
    </p>
   </div>
   <div class='ocr_carea' id='block_1_6' title="bbox 148 3013 1299 3450">
    <p class='ocr_par' dir='ltr' id='par_1_6' title="bbox 148 3013 1299 3450">
     <span class='ocr_line' id='line_1_24' title="bbox 195 3013 1296 3103; baseline 0.003 -24"><span class='ocrx_word' id='word_1_197' title='bbox 195 3016 261 3081; x_wconf 91' lang='lat' dir='ltr'>Sed</span> <span class='ocrx_word' id='word_1_198' title='bbox 283 3037 388 3102; x_wconf 90' lang='lat' dir='ltr'>neque</span> <span class='ocrx_word' id='word_1_199' title='bbox 403 3014 465 3078; x_wconf 91' lang='lat' dir='ltr'>hoc</span> <span class='ocrx_word' id='word_1_200' title='bbox 481 3013 608 3078; x_wconf 89' lang='lat' dir='ltr'>silentio</span> <span class='ocrx_word' id='word_1_201' title='bbox 624 3013 677 3078; x_wconf 92' lang='lat' dir='ltr'>vel</span> <span class='ocrx_word' id='word_1_202' title='bbox 695 3013 849 3076; x_wconf 89' lang='lat' dir='ltr'>oblivioni</span> <span class='ocrx_word' id='word_1_203' title='bbox 873 3014 1067 3077; x_wconf 89' lang='lat' dir='ltr'>tradendum</span> <span class='ocrx_word' id='word_1_204' title='bbox 1082 3029 1142 3093; x_wconf 91' lang='lat' dir='ltr'>est,</span> <span class='ocrx_word' id='word_1_205' title='bbox 1160 3019 1248 3103; x_wconf 94' lang='lat' dir='ltr'>quod</span> <span class='ocrx_word' id='word_1_206' title='bbox 1263 3018 1296 3082; x_wconf 90' lang='lat' dir='ltr'>in</span> 
     </span>
     <span class='ocr_line' id='line_1_25' title="bbox 148 3099 1297 3185; baseline 0.002 -18"><span class='ocrx_word' id='word_1_207' title='bbox 148 3102 260 3167; x_wconf 68' lang='lat' dir='ltr'>eadem</span> <span class='ocrx_word' id='word_1_208' title='bbox 287 3102 396 3166; x_wconf 88' lang='lat' dir='ltr'>Sancti</span> <span class='ocrx_word' id='word_1_209' title='bbox 425 3101 525 3185; x_wconf 89' lang='lat' dir='ltr'>Regis</span> <span class='ocrx_word' id='word_1_210' title='bbox 550 3113 584 3164; x_wconf 95' lang='lat' dir='ltr'>et</span> <span class='ocrx_word' id='word_1_211' title='bbox 615 3099 768 3185; x_wconf 87' lang='lat' dir='ltr'>Martyris</span> <span class='ocrx_word' id='word_1_212' title='bbox 800 3099 920 3164; x_wconf 89' lang='lat' dir='ltr'>Oswini</span> <span class='ocrx_word' id='word_1_213' title='bbox 950 3101 1124 3180; x_wconf 87' lang='lat' dir='ltr'>mansione,</span> <span class='ocrx_word' id='word_1_214' title='bbox 1155 3104 1217 3168; x_wconf 89' lang='lat' dir='ltr'>hoc</span> <span class='ocrx_word' id='word_1_215' title='bbox 1247 3119 1297 3169; x_wconf 85' lang='lat' dir='ltr'>est</span> 
     </span>
     <span class='ocr_line' id='line_1_26' title="bbox 151 3187 1298 3275; baseline 0.002 -21"><span class='ocrx_word' id='word_1_216' title='bbox 151 3189 390 3275; x_wconf 77' lang='lat' dir='ltr'>Tynemudthb,</span> <span class='ocrx_word' id='word_1_217' title='bbox 408 3188 469 3252; x_wconf 88' lang='lat' dir='ltr'>alia</span> <span class='ocrx_word' id='word_1_218' title='bbox 478 3187 628 3274; x_wconf 85' lang='lat' dir='ltr'>quaedam</span> <span class='ocrx_word' id='word_1_219' title='bbox 642 3187 818 3250; x_wconf 90' lang='lat' dir='ltr'>innocentis</span> <span class='ocrx_word' id='word_1_220' title='bbox 835 3189 910 3249; x_wconf 84' lang='lat' dir='ltr'>vitae</span> <span class='ocrx_word' id='word_1_221' title='bbox 925 3201 1071 3252; x_wconf 87' lang='lat' dir='ltr'>matrona</span> <span class='ocrx_word' id='word_1_222' title='bbox 1086 3189 1119 3252; x_wconf 91' lang='lat' dir='ltr'>in</span> <span class='ocrx_word' id='word_1_223' title='bbox 1135 3191 1298 3256; x_wconf 90' lang='lat' dir='ltr'>viduitatis</span> 
     </span>
     <span class='ocr_line' id='line_1_27' title="bbox 149 3273 1299 3362; baseline 0.002 -23"><span class='ocrx_word' id='word_1_224' title='bbox 149 3276 315 3362; x_wconf 89' lang='lat' dir='ltr'>proposito</span> <span class='ocrx_word' id='word_1_225' title='bbox 327 3275 345 3339; x_wconf 68' lang='lat' dir='ltr'>a</span> <span class='ocrx_word' id='word_1_226' title='bbox 356 3276 471 3340; x_wconf 89' lang='lat' dir='ltr'>diebus</span> <span class='ocrx_word' id='word_1_227' title='bbox 482 3274 590 3338; x_wconf 89' lang='lat' dir='ltr'>multis</span> <span class='ocrx_word' id='word_1_228' title='bbox 605 3273 807 3337; x_wconf 88' lang='lat' dir='ltr'>laudabiliter</span> <span class='ocrx_word' id='word_1_229' title='bbox 819 3274 938 3351; x_wconf 87' lang='lat' dir='ltr'>vivens,</span> <span class='ocrx_word' id='word_1_230' title='bbox 951 3274 1172 3360; x_wconf 90' lang='lat' dir='ltr'>hujuscemodi</span> <span class='ocrx_word' id='word_1_231' title='bbox 1183 3280 1299 3362; x_wconf 91' lang='lat' dir='ltr'>jocun-</span> 
     </span>
     <span class='ocr_line' id='line_1_28' title="bbox 150 3360 1299 3450; baseline 0.002 -23"><span class='ocrx_word' id='word_1_232' title='bbox 150 3364 193 3427; x_wconf 77' lang='lat' dir='ltr'>dt</span> <span class='ocrx_word' id='word_1_233' title='bbox 207 3364 328 3427; x_wconf 88' lang='lat' dir='ltr'>visione</span> <span class='ocrx_word' id='word_1_234' title='bbox 347 3362 511 3426; x_wconf 84' lang='lat' dir='ltr'>laetificare</span> <span class='ocrx_word' id='word_1_235' title='bbox 526 3361 713 3445; x_wconf 88' lang='lat' dir='ltr'>promeruit.</span> <span class='ocrx_word' id='word_1_236' title='bbox 762 3360 846 3424; x_wconf 89' lang='lat' dir='ltr'>Cum</span> <span class='ocrx_word' id='word_1_237' title='bbox 865 3360 951 3423; x_wconf 93' lang='lat' dir='ltr'>enim</span> <span class='ocrx_word' id='word_1_238' title='bbox 970 3362 1022 3426; x_wconf 89' lang='lat' dir='ltr'>die</span> <span class='ocrx_word' id='word_1_239' title='bbox 1041 3365 1190 3449; x_wconf 67' lang='lat' dir='ltr'>quadam,</span> <span class='ocrx_word' id='word_1_240' title='bbox 1207 3368 1299 3450; x_wconf 90' lang='lat' dir='ltr'>gravi</span> 
     </span>
    </p>
   </div>
   <div class='ocr_carea' id='block_1_7' title="bbox 46 3446 1299 3536">
    <p class='ocr_par' dir='ltr' id='par_1_7' title="bbox 46 3446 1299 3536">
     <span class='ocr_line' id='line_1_29' title="bbox 46 3446 1299 3536; baseline 0.001 -22"><span class='ocrx_word' id='word_1_241' title='bbox 46 3454 48 3457; x_wconf 71' lang='grc'>’</span> <span class='ocrx_word' id='word_1_242' title='bbox 151 3463 239 3514; x_wconf 89' lang='lat' dir='ltr'>tacta</span> <span class='ocrx_word' id='word_1_243' title='bbox 257 3449 472 3525; x_wconf 90' lang='lat' dir='ltr'>incommod0‚</span> <span class='ocrx_word' id='word_1_244' title='bbox 490 3449 698 3511; x_wconf 87' lang='lat' dir='ltr'>vehementer</span> <span class='ocrx_word' id='word_1_245' title='bbox 713 3446 866 3510; x_wconf 87' lang='lat' dir='ltr'>infirmari</span> <span class='ocrx_word' id='word_1_246' title='bbox 882 3448 1041 3532; x_wconf 86' lang='lat' dir='ltr'>coepisset,</span> <span class='ocrx_word' id='word_1_247' title='bbox 1058 3451 1192 3536; x_wconf 89' lang='lat' dir='ltr'>simplici</span> <span class='ocrx_word' id='word_1_248' title='bbox 1208 3454 1299 3517; x_wconf 89' lang='lat' dir='ltr'>femi-</span> 
     </span>
    </p>
   </div>
   <div class='ocr_carea' id='block_1_8' title="bbox 124 3533 1302 4581">
    <p class='ocr_par' dir='ltr' id='par_1_8' title="bbox 124 3533 1302 4581">
     <span class='ocr_line' id='line_1_30' title="bbox 152 3533 1300 3623; baseline 0.003 -23"><span class='ocrx_word' id='word_1_249' title='bbox 152 3559 278 3623; x_wconf 91' lang='lat' dir='ltr'>neoque</span> <span class='ocrx_word' id='word_1_250' title='bbox 300 3536 399 3599; x_wconf 89' lang='lat' dir='ltr'>ducta</span> <span class='ocrx_word' id='word_1_251' title='bbox 420 3534 553 3597; x_wconf 91' lang='lat' dir='ltr'>consilio</span> <span class='ocrx_word' id='word_1_252' title='bbox 575 3534 692 3613; x_wconf 83' lang='lat' dir='ltr'>trinam</span> <span class='ocrx_word' id='word_1_253' title='bbox 707 3533 798 3597; x_wconf 86' lang='lat' dir='ltr'>dedit</span> <span class='ocrx_word' id='word_1_254' title='bbox 816 3546 947 3611; x_wconf 88' lang='lat' dir='ltr'>sortem,</span> <span class='ocrx_word' id='word_1_255' title='bbox 964 3536 1093 3601; x_wconf 87' lang='lat' dir='ltr'>ubinam</span> <span class='ocrx_word' id='word_1_256' title='bbox 1117 3538 1149 3601; x_wconf 91' lang='lat' dir='ltr'>in</span> <span class='ocrx_word' id='word_1_257' title='bbox 1166 3540 1300 3604; x_wconf 71' lang='lat' dir='ltr'>ecclesia</span> 
     </span>
     <span class='ocr_line' id='line_1_31' title="bbox 138 3620 1301 3709; baseline 0.003 -21"><span class='ocrx_word' id='word_1_258' title='bbox 138 3625 283 3688; x_wconf 75' lang='lat' dir='ltr'>&#39;Sanctae</span> <span class='ocrx_word' id='word_1_259' title='bbox 309 3621 372 3685; x_wconf 91' lang='lat' dir='ltr'>Dei</span> <span class='ocrx_word' id='word_1_260' title='bbox 398 3621 568 3705; x_wconf 91' lang='lat' dir='ltr'>genetricis</span> <span class='ocrx_word' id='word_1_261' title='bbox 594 3620 709 3685; x_wconf 86' lang='lat' dir='ltr'>Mariae</span> <span class='ocrx_word' id='word_1_262' title='bbox 735 3633 948 3704; x_wconf 84' lang='lat' dir='ltr'>pernoctaret,</span> <span class='ocrx_word' id='word_1_263' title='bbox 975 3644 1040 3707; x_wconf 95' lang='lat' dir='ltr'>quo</span> <span class='ocrx_word' id='word_1_264' title='bbox 1064 3625 1104 3687; x_wconf 87' lang='lat' dir='ltr'>ab</span> <span class='ocrx_word' id='word_1_265' title='bbox 1130 3624 1301 3709; x_wconf 90' lang='lat' dir='ltr'>ingruente</span> 
     </span>
     <span class='ocr_line' id='line_1_32' title="bbox 151 3707 1299 3794; baseline 0.003 -19"><span class='ocrx_word' id='word_1_266' title='bbox 151 3710 244 3775; x_wconf 77' lang='lat' dir='ltr'>citius</span> <span class='ocrx_word' id='word_1_267' title='bbox 267 3709 458 3773; x_wconf 89' lang='lat' dir='ltr'>liberaretur</span> <span class='ocrx_word' id='word_1_268' title='bbox 480 3707 682 3793; x_wconf 86' lang='lat' dir='ltr'>aegritudine.</span> <span class='ocrx_word' id='word_1_269' title='bbox 731 3708 850 3771; x_wconf 88' lang='lat' dir='ltr'>Evenit</span> <span class='ocrx_word' id='word_1_270' title='bbox 872 3707 981 3794; x_wconf 86' lang='lat' dir='ltr'>itaque</span> <span class='ocrx_word' id='word_1_271' title='bbox 1004 3712 1097 3773; x_wconf 90' lang='lat' dir='ltr'>sortis</span> <span class='ocrx_word' id='word_1_272' title='bbox 1120 3711 1244 3792; x_wconf 89' lang='lat' dir='ltr'>inditio,</span> <span class='ocrx_word' id='word_1_273' title='bbox 1262 3727 1299 3779; x_wconf 93' lang='lat' dir='ltr'>ut</span> 
     </span>
     <span class='ocr_line' id='line_1_33' title="bbox 151 3794 1300 3881; baseline 0.003 -19"><span class='ocrx_word' id='word_1_274' title='bbox 151 3797 193 3863; x_wconf 86' lang='lat' dir='ltr'>ad</span> <span class='ocrx_word' id='word_1_275' title='bbox 207 3796 369 3861; x_wconf 83' lang='lat' dir='ltr'>basilicam</span> <span class='ocrx_word' id='word_1_276' title='bbox 385 3795 531 3881; x_wconf 89' lang='lat' dir='ltr'>ejusdem</span> <span class='ocrx_word' id='word_1_277' title='bbox 547 3794 631 3858; x_wconf 86' lang='lat' dir='ltr'>villae</span> <span class='ocrx_word' id='word_1_278' title='bbox 644 3794 813 3879; x_wconf 87' lang='lat' dir='ltr'>vigilatura</span> <span class='ocrx_word' id='word_1_279' title='bbox 825 3794 985 3859; x_wconf 89' lang='lat' dir='ltr'>divertere</span> <span class='ocrx_word' id='word_1_280' title='bbox 1001 3796 1143 3862; x_wconf 91' lang='lat' dir='ltr'>deberet.</span> <span class='ocrx_word' id='word_1_281' title='bbox 1191 3800 1300 3866; x_wconf 90' lang='lat' dir='ltr'>Nocte</span> 
     </span>
     <span class='ocr_line' id='line_1_34' title="bbox 124 3882 1301 3971; baseline 0.002 -20"><span class='ocrx_word' id='word_1_282' title='bbox 124 3946 125 3951; x_wconf 73' lang='grc'>,</span> <span class='ocrx_word' id='word_1_283' title='bbox 152 3884 228 3949; x_wconf 79' lang='lat' dir='ltr'>verb</span> <span class='ocrx_word' id='word_1_284' title='bbox 256 3884 403 3971; x_wconf 92' lang='lat' dir='ltr'>sequenti</span> <span class='ocrx_word' id='word_1_285' title='bbox 430 3884 472 3947; x_wconf 94' lang='lat' dir='ltr'>ob</span> <span class='ocrx_word' id='word_1_286' title='bbox 496 3882 677 3945; x_wconf 87' lang='lat' dir='ltr'>valitudinis</span> <span class='ocrx_word' id='word_1_287' title='bbox 705 3882 884 3945; x_wconf 87' lang='lat' dir='ltr'>molestiam</span> <span class='ocrx_word' id='word_1_288' title='bbox 908 3882 996 3946; x_wconf 93' lang='lat' dir='ltr'>domi</span> <span class='ocrx_word' id='word_1_289' title='bbox 1020 3906 1198 3964; x_wconf 89' lang='lat' dir='ltr'>remanens,</span> <span class='ocrx_word' id='word_1_290' title='bbox 1227 3912 1301 3953; x_wconf 91' lang='lat' dir='ltr'>cum</span> 
     </span>
     <span class='ocr_line' id='line_1_35' title="bbox 151 3968 1301 4055; baseline 0.006 -20"><span class='ocrx_word' id='word_1_291' title='bbox 151 3973 285 4036; x_wconf 89' lang='lat' dir='ltr'>menbra</span> <span class='ocrx_word' id='word_1_292' title='bbox 307 3994 365 4034; x_wconf 87' lang='lat' dir='ltr'>sua</span> <span class='ocrx_word' id='word_1_293' title='bbox 390 3968 497 4055; x_wconf 88' lang='lat' dir='ltr'>sopori</span> <span class='ocrx_word' id='word_1_294' title='bbox 521 3969 672 4046; x_wconf 90' lang='lat' dir='ltr'>dedisset,</span> <span class='ocrx_word' id='word_1_295' title='bbox 698 3969 846 4054; x_wconf 90' lang='lat' dir='ltr'>apparuit</span> <span class='ocrx_word' id='word_1_296' title='bbox 872 3969 902 4034; x_wconf 90' lang='lat' dir='ltr'>ei</span> <span class='ocrx_word' id='word_1_297' title='bbox 932 3970 1138 4035; x_wconf 89' lang='lat' dir='ltr'>Beatissimus</span> <span class='ocrx_word' id='word_1_298' title='bbox 1168 3975 1241 4041; x_wconf 86' lang='lat' dir='ltr'>Rex</span> <span class='ocrx_word' id='word_1_299' title='bbox 1268 3990 1301 4041; x_wconf 90' lang='lat' dir='ltr'>et</span> 
     </span>
     <span class='ocr_line' id='line_1_36' title="bbox 154 4056 1301 4144; baseline 0.003 -21"><span class='ocrx_word' id='word_1_300' title='bbox 154 4059 282 4144; x_wconf 88' lang='lat' dir='ltr'>Martyr</span> <span class='ocrx_word' id='word_1_301' title='bbox 305 4058 472 4132; x_wconf 79' lang='lat' dir='ltr'>Oswinus3</span> <span class='ocrx_word' id='word_1_302' title='bbox 494 4057 596 4134; x_wconf 90' lang='lat' dir='ltr'>vultu,</span> <span class='ocrx_word' id='word_1_303' title='bbox 613 4078 702 4133; x_wconf 89' lang='lat' dir='ltr'>voce,</span> <span class='ocrx_word' id='word_1_304' title='bbox 721 4068 758 4119; x_wconf 91' lang='lat' dir='ltr'>et</span> <span class='ocrx_word' id='word_1_305' title='bbox 774 4056 897 4135; x_wconf 88' lang='lat' dir='ltr'>habitu,</span> <span class='ocrx_word' id='word_1_306' title='bbox 916 4056 1103 4123; x_wconf 88' lang='lat' dir='ltr'>mirabiliter</span> <span class='ocrx_word' id='word_1_307' title='bbox 1120 4063 1301 4144; x_wconf 82' lang='lat' dir='ltr'>gratiosus3</span> 
     </span>
     <span class='ocr_line' id='line_1_37' title="bbox 139 4142 1302 4237; baseline 0.006 -29"><span class='ocrx_word' id='word_1_308' title='bbox 139 4146 224 4209; x_wconf 85' lang='lat' dir='ltr'>¹haec</span> <span class='ocrx_word' id='word_1_309' title='bbox 247 4143 368 4209; x_wconf 89' lang='lat' dir='ltr'>dicens.</span> <span class='ocrx_word' id='word_1_310' title='bbox 417 4146 535 4209; x_wconf 81' lang='lat' dir='ltr'>“Cur&#39;’</span> <span class='ocrx_word' id='word_1_311' title='bbox 559 4142 662 4230; x_wconf 92' lang='lat' dir='ltr'>inquit</span> <span class='ocrx_word' id='word_1_312' title='bbox 687 4152 709 4183; x_wconf 77' lang='lat'>‘⁶</span> <span class='ocrx_word' id='word_1_313' title='bbox 718 4143 806 4220; x_wconf 86' lang='lat' dir='ltr'>alias,</span> <span class='ocrx_word' id='word_1_314' title='bbox 831 4142 856 4205; x_wconf 92' lang='lat' dir='ltr'>si</span> <span class='ocrx_word' id='word_1_315' title='bbox 879 4166 947 4207; x_wconf 90' lang='lat' dir='ltr'>sors</span> <span class='ocrx_word' id='word_1_316' title='bbox 969 4144 1016 4207; x_wconf 87' lang='lat' dir='ltr'>ita</span> <span class='ocrx_word' id='word_1_317' title='bbox 1038 4147 1181 4227; x_wconf 88' lang='lat' dir='ltr'>caderet,</span> <span class='ocrx_word' id='word_1_318' title='bbox 1205 4174 1302 4237; x_wconf 90' lang='lat' dir='ltr'>quam</span> 
     </span>
     <span class='ocr_line' id='line_1_38' title="bbox 154 4229 1301 4322; baseline 0.003 -24"><span class='ocrx_word' id='word_1_319' title='bbox 154 4234 196 4298; x_wconf 87' lang='lat' dir='ltr'>ad</span> <span class='ocrx_word' id='word_1_320' title='bbox 220 4231 422 4317; x_wconf 84' lang='lat' dir='ltr'>sepulchrum</span> <span class='ocrx_word' id='word_1_321' title='bbox 444 4254 553 4296; x_wconf 92' lang='lat' dir='ltr'>meum</span> <span class='ocrx_word' id='word_1_322' title='bbox 574 4229 760 4315; x_wconf 87' lang='lat' dir='ltr'>sospitatem</span> <span class='ocrx_word' id='word_1_323' title='bbox 781 4252 927 4317; x_wconf 86' lang='lat' dir='ltr'>quaerere</span> <span class='ocrx_word' id='word_1_324' title='bbox 950 4230 1126 4316; x_wconf 88' lang='lat' dir='ltr'>delegeras,</span> <span class='ocrx_word' id='word_1_325' title='bbox 1144 4259 1218 4322; x_wconf 86' lang='lat' dir='ltr'>quae</span> <span class='ocrx_word' id='word_1_326' title='bbox 1241 4260 1301 4301; x_wconf 92' lang='lat' dir='ltr'>nec</span> 
     </span>
     <span class='ocr_line' id='line_1_39' title="bbox 153 4317 1302 4407; baseline 0.003 -23"><span class='ocrx_word' id='word_1_327' title='bbox 153 4342 283 4406; x_wconf 88' lang='lat' dir='ltr'>prorsus</span> <span class='ocrx_word' id='word_1_328' title='bbox 310 4319 385 4382; x_wconf 87' lang='lat' dir='ltr'>inde</span> <span class='ocrx_word' id='word_1_329' title='bbox 408 4332 510 4382; x_wconf 88' lang='lat' dir='ltr'>sortes</span> <span class='ocrx_word' id='word_1_330' title='bbox 534 4317 657 4395; x_wconf 86' lang='lat' dir='ltr'>fecisse,</span> <span class='ocrx_word' id='word_1_331' title='bbox 683 4339 742 4381; x_wconf 91' lang='lat' dir='ltr'>nec</span> <span class='ocrx_word' id='word_1_332' title='bbox 765 4318 806 4381; x_wconf 90' lang='lat' dir='ltr'>de</span> <span class='ocrx_word' id='word_1_333' title='bbox 835 4317 898 4381; x_wconf 91' lang='lat' dir='ltr'>alio</span> <span class='ocrx_word' id='word_1_334' title='bbox 922 4318 994 4381; x_wconf 93' lang='lat' dir='ltr'>loco</span> <span class='ocrx_word' id='word_1_335' title='bbox 1018 4320 1130 4384; x_wconf 91' lang='lat' dir='ltr'>melius</span> <span class='ocrx_word' id='word_1_336' title='bbox 1157 4345 1302 4407; x_wconf 87' lang='lat' dir='ltr'>sperasse</span> 
     </span>
     <span class='ocr_line' id='line_1_40' title="bbox 154 4403 1302 4496; baseline 0.003 -25"><span class='ocrx_word' id='word_1_337' title='bbox 154 4408 339 4472; x_wconf 78' lang='lat' dir='ltr'>debueras?</span> <span class='ocrx_word' id='word_1_338' title='bbox 387 4405 450 4469; x_wconf 90' lang='lat' dir='ltr'>Hic</span> <span class='ocrx_word' id='word_1_339' title='bbox 473 4405 631 4491; x_wconf 90' lang='lat' dir='ltr'>siquidem</span> <span class='ocrx_word' id='word_1_340' title='bbox 651 4404 801 4492; x_wconf 85' lang='lat' dir='ltr'>gloriosae</span> <span class='ocrx_word' id='word_1_341' title='bbox 825 4403 890 4468; x_wconf 91' lang='lat' dir='ltr'>Dei</span> <span class='ocrx_word' id='word_1_342' title='bbox 912 4406 1074 4488; x_wconf 89' lang='lat' dir='ltr'>genitricis</span> <span class='ocrx_word' id='word_1_343' title='bbox 1097 4408 1198 4472; x_wconf 88' lang='lat' dir='ltr'>altare</span> <span class='ocrx_word' id='word_1_344' title='bbox 1213 4411 1302 4496; x_wconf 92' lang='lat' dir='ltr'>quod</span> 
     </span>
     <span class='ocr_line' id='line_1_41' title="bbox 154 4491 1301 4581; baseline 0.003 -22"><span class='ocrx_word' id='word_1_345' title='bbox 154 4495 228 4560; x_wconf 89' lang='lat' dir='ltr'>alibi</span> <span class='ocrx_word' id='word_1_346' title='bbox 251 4514 396 4581; x_wconf 85' lang='lat' dir='ltr'>quaerere</span> <span class='ocrx_word' id='word_1_347' title='bbox 419 4493 630 4579; x_wconf 86' lang='lat' dir='ltr'>disposueras,</span> <span class='ocrx_word' id='word_1_348' title='bbox 655 4504 688 4557; x_wconf 86' lang='lat' dir='ltr'>et</span> <span class='ocrx_word' id='word_1_349' title='bbox 711 4491 853 4575; x_wconf 87' lang='lat' dir='ltr'>corporis</span> <span class='ocrx_word' id='word_1_350' title='bbox 877 4491 940 4555; x_wconf 89' lang='lat' dir='ltr'>mei</span> <span class='ocrx_word' id='word_1_351' title='bbox 962 4495 1168 4576; x_wconf 74' lang='lat' dir='ltr'>praesentiam</span> <span class='ocrx_word' id='word_1_352' title='bbox 1190 4496 1301 4563; x_wconf 90' lang='lat' dir='ltr'>habes.</span> 
     </span>
    </p>
   </div>
   <div class='ocr_carea' id='block_1_9' title="bbox 0 0 1596 5156">
    <p class='ocr_par' dir='ltr' id='par_1_9' title="bbox 0 0 1596 5156">
     <span class='ocr_line' id='line_1_42' title="bbox 0 0 1596 5156; baseline 0 0"><span class='ocrx_word' id='word_1_353' title='bbox 0 0 1596 5156; x_wconf 95' lang='lat' dir='ltr'> </span> 
     </span>
    </p>
   </div>
  </div>
 </body>
</html>
