3142 5159
596 480 707 528 uncis
736 481 958 561 nnrnouuu.
1309 462 1355 535 19

202 637 326 723 praefati
346 638 481 704 Comitis
497 661 592 717 uxor,
606 641 719 705 Juditb
736 641 876 718 nomine,
893 639 1037 724 pontifici
1053 639 1094 702 ad
1106 637 1273 702 ecclesiam
1284 641 1353 724 jam

200 726 386 810 properanti
409 740 534 790 secreto
554 728 733 805 mandaret,
751 728 900 815 quatinus
916 727 952 804 si,
970 727 1111 790 donante
1128 726 1214 802 Deo,
1235 748 1352 809 corpus

204 813 313 877 Sancti
341 814 495 899 Martyris
525 834 598 876 eum
627 814 770 878 invenire
801 814 1012 902 contingeret,
1035 813 1350 899 quantulamcunque

200 898 382 982 portionem
396 899 470 963 inde
487 922 546 983 pro
558 900 783 965 benedictione
798 915 986 977 reservaret,
1005 913 1040 963 nt
1056 900 1132 986 quia
1145 921 1205 984 pro
1220 922 1279 961 suo
1294 898 1351 962 de·

201 985 319 1051 siderio
341 1008 405 1050 una
421 1009 493 1049 cum
516 986 585 1049 aliis
609 1008 748 1070 praesens
764 1010 834 1051 esse
850 1010 914 1050 non
930 1000 1068 1071 poterat,
1085 986 1220 1049 haberet
1235 986 1350 1048 saltem

200 1072 288 1157 quod
303 1094 362 1157 pro
378 1095 488 1137 amore
508 1074 617 1137 Sancti
633 1073 838 1160 postmodum
851 1074 996 1138 venerari
1011 1073 1178 1157 potuisset.
1242 1073 1352 1135 Vene-

200 1158 308 1222 rabilis
331 1159 431 1243 igitur
457 1159 643 1244 Episcopus,
662 1182 736 1223 cum
751 1160 997 1224 sacratissimum
1019 1182 1135 1243 corpus
1151 1160 1285 1223 abluens
1307 1159 1351 1221 ad

201 1259 297 1330 caput
324 1246 531 1329 pervenisset,
557 1245 684 1310 devotae
711 1247 875 1331 petitionis
894 1246 1074 1311 Comitissae
1091 1269 1154 1309 non
1170 1246 1348 1322 immemor,
1430 1324 1433 1328 1

201 1332 242 1396 de
265 1330 386 1417 capillis
408 1348 519 1397 sancto
541 1332 653 1397 vertici
675 1334 927 1410 adhaerentibus,
943 1333 993 1417 pie
1009 1355 1214 1417 praesumens,
1231 1354 1350 1415 paucos

200 1422 346 1504 accepit3
370 1443 450 1506 quos
475 1420 579 1484 eidem
609 1421 735 1483 mulieri
764 1433 877 1505 postea
906 1420 1050 1497 daturuS,
1076 1419 1179 1482 donec
1210 1418 1351 1482 officium

201 1507 426 1591 compleretur,
452 1506 656 1572 devotissime
680 1507 857 1591 recollegit.
876 1507 1014 1571 Peracto
1037 1508 1146 1605 itaque
1162 1504 1348 1581 ministerio,
1388 1578 1391 1583 ¹

205 1593 382 1677 Episcopus
405 1607 478 1677 post
505 1595 641 1677 psalmos
669 1608 701 1657 et
725 1594 859 1657 letanias
886 1593 1108 1678 Omnipotentt
1132 1593 1206 1657 Deo
1232 1591 1351 1680 gratias

203 1699 313 1763 agens,
339 1682 556 1767 populumque
580 1681 839 1744 circumstantem
861 1680 1066 1756 benedicens,
1091 1679 1222 1763 capillos
1245 1677 1349 1743 sancti

205 1765 327 1849 capitis,
352 1767 440 1853 qnod
454 1788 617 1853 nunquam
640 1767 884 1851 inpingnaverat
907 1766 1082 1851 peccatoris
1098 1766 1215 1842 oleum,
1233 1765 1351 1828 disces-

205 1875 296 1915 surus
312 1854 453 1931 abstulit‚
472 1876 551 1940 quos
567 1853 747 1919 Comitissae
762 1854 807 1916 nil
829 1853 917 1917 aliud
932 1874 1126 1937 magnopere
1142 1851 1348 1928 desideranti,
1396 1858 1401 1867 '

203 1939 439 2027 adventumque
452 1934 543 2004 suum
556 1941 615 2004 hac
626 1941 666 2004 de
679 1941 774 2005 causei
783 1938 916 2004 sollicite
926 1938 1350 2024 praestolanti,c0ngaudens

203 2026 323 2089 attulit.
373 2026 463 2100 Quos
479 2029 602 2090 summa
617 2040 689 2091 cum
701 2028 875 2092 devotione
886 2040 919 2090 et
936 2026 1046 2090 debita
1063 2024 1267 2090 veneratione
1284 2048 1351 2088 sus-

203 2113 334 2197 cipiens,
352 2115 471 2199 quanta
495 2114 607 2177 laetitia
625 2114 768 2198 gestierit
811 2128 987 2199 nantasque
1004 2113 1079 2177 Deo
1097 2113 1214 2197 gratias
1235 2112 1350 2197 egerit,

203 2212 422 2287 quantumque
438 2201 639 2265 lacrimarum
660 2202 773 2267 mulier
789 2138 908 2265 devota
919 2224 986 2285 prae
1001 2201 1121 2283 gaudio
1136 2201 1266 2277 fuderit,
1280 2199 1352 2286 quis

204 2308 344 2372 unquam
365 2288 545 2351 mortalium
571 2288 680 2372 lingua
703 2312 759 2353 seu
787 2288 909 2352 calamo
932 2289 1094 2372 explicare
1118 2288 1247 2372 poterit.
1308 2287 1352 2350 Et

203 2374 279 2460 quia
300 2377 395 2461 juxta
421 2375 512 2438 Pauli
536 2398 659 2455 vocem,
686 2376 822 2438 “Fides
845 2387 894 2438 est
917 2375 1146 2459 sperandarum
1176 2374 1354 2438 substantia

203 2484 322 2537 rerum,
340 2476 563 2543 argumentum
578 2484 642 2523 non
659 2463 901 2545 apparentum,’'
918 2462 1073 2545 praedicta
1087 2461 1201 2524 mulier
1220 2461 1352 2545 capillos

209 2548 319 2611 Sancti
345 2548 434 2610 nullo
457 2548 530 2612 loco
552 2549 721 2623 conclusit,
747 2548 805 2610 sed
834 2548 913 2631 iguis
942 2547 1133 2632 purgatione
1157 2547 1244 2631 prius
1278 2570 1353 2632 pro-

204 2635 282 2699 bare
309 2634 476 2717 disposuit,
501 2657 565 2697 non
594 2647 629 2697 ut
655 2634 689 2695 in
718 2635 825 2721 aliquo
852 2636 893 2697 de
924 2635 998 2718 ipsis
1028 2634 1202 2711 dubitaret,
1231 2634 1287 2697 sed
1315 2647 1352 2698 ut

207 2719 361 2807 Martyris
384 2721 534 2784 meritum
550 2720 755 2785 circumcirca
769 2744 828 2806 per
842 2722 904 2784 hoc
920 2720 1013 2784 latius
1018 2769 1099 2787 ......
1099 2755 1103 2760 v
1105 2769 1299 2787 ..............
1301 2744 1317 2783 r
1317 2735 1351 2785 at

206 2809 290 2872 enim
312 2808 353 2872 de
377 2808 493 2871 talibus
517 2807 680 2892 scriptum,
709 2810 788 2872 “Et
814 2809 947 2893 capillus
970 2807 1011 2871 de
1035 2808 1139 2893 capite
1162 2822 1270 2872 vestro
1285 2830 1352 2871 non

204 2893 352 2979 peribit.''
402 2894 585 2978 Obenigna
600 2898 773 2973 temeritas,
791 2910 825 2959 ct
848 2894 1019 2959 temeraria
1033 2896 1232 2979 benignitasl
1280 2894 1351 2959 Nec

205 3004 306 3045 mora.
356 2983 517 3046 Accensus
533 2996 581 3046 est
597 2982 705 3069 itaque
721 2983 874 3066 copiosus·
892 2983 974 3065 ignis
990 2982 1022 3044 in
1037 2984 1131 3058 atrio,
1149 2994 1181 3045 et
1198 2980 1352 3065 impositis

205 3069 307 3151 ignito
330 3068 423 3132 lateri
446 3069 577 3153 capillis,
603 3072 643 3133 ab
667 3070 815 3133 omnibns
839 3069 1031 3133 unanimiter
1046 3069 1088 3132 ad
1111 3068 1219 3132 Deum
1235 3067 1352 3131 devote

205 3156 351 3220 funditur
373 3156 489 3219 oratio.
536 3155 622 3219 Mira
644 3180 705 3221 res.
753 3156 810 3220 Nil
833 3156 951 3243 quippe
967 3155 1059 3219 citius
1075 3155 1140 3239 pilo
1156 3154 1235 3239 ignis
1251 3154 1352 3219 odore

187 3264 190 3269 ·
206 3244 412 3320 consumitur,
430 3256 464 3307 et
480 3257 587 3307 tamen
602 3243 757 3306 immissus
770 3245 787 3308 ἒι
799 3245 945 3307 fervente
957 3243 1099 3329 undique
1111 3242 1259 3305 incendio
1271 3242 1353 3326 pilus

206 3352 270 3393 non
286 3329 424 3399 loeditur.
474 3329 717 3394 Omirarerum
734 3331 921 3395 conversio!
969 3330 1085 3416 Neque
1101 3330 1185 3392 enim
1201 3329 1282 3417 ignis
1298 3329 1356 3393 de-

206 3416 333 3481 ficiente
349 3415 482 3481 materia
493 3416 696 3502 frigescebat,
711 3417 768 3481 sed
779 3420 888 3502 potius
904 3417 1021 3501 injecta
1030 3417 1188 3501 lignorum
1204 3417 1354 3499 congerie

205 3503 306 3585 magis
330 3526 367 3566 ac
389 3504 490 3587 magis
517 3503 758 3567 exardescebat.
815 3504 903 3578 Quid
924 3527 1003 3587 ergo
1018 3502 1354 3587 dicemus-capillum

206 3590 342 3654 durioris
358 3590 544 3653 substantiae
562 3590 713 3654 virtutem
729 3583 943 3675 assumpsisse,
961 3614 1001 3653 an
1020 3591 1127 3673 ignem
1142 3612 1210 3653 suae
1229 3604 1354 3654 naturae

207 3677 322 3741 ardore
345 3676 511 3741 caruisse?
535 3676 675 3741 minime.
725 3677 790 3741 Sed
811 3678 865 3764 qui
890 3691 954 3741 tres
970 3700 1087 3761 pueros
1103 3676 1356 3763 camino-Baby-

205 3764 286 3827 lonis
311 3787 403 3827 sanos
429 3780 462 3827 et
486 3764 660 3828 incolumes
685 3764 832 3829 incedere
854 3765 941 3841 fecit,
967 3766 1033 3848 ipse
1047 3764 1152 3828 fidelis
1167 3767 1215 3827 sui
1238 3768 1355 3828 merito

206 3851 335 3935 capillos
359 3851 399 3915 ab
423 3850 506 3935 igne
519 3852 673 3935 protexit.
737 3852 908 3930 Comitissa
926 3874 1055 3938 quoque
1071 3851 1118 3915 rei
1134 3852 1354 3935 magnitudine

205 3938 385 4022 perterrita,
411 3939 479 4001 solo
509 3938 742 4023 prosternitur;
767 3938 1004 4025 lacrimosisque
1027 3938 1217 4022 singultibus
1244 3938 1355 4003 Deum

211 4024 427 4111 Sanctumque
456 4025 635 4110 Martyrem
666 4025 784 4090 diutius
815 4048 962 4104 exorans,
995 4026 1189 4113 quandoque
1217 4039 1355 4089 tremens

159 4136 164 4147 ·
208 4110 352 4195 erigitur.
401 4112 687 4198 Repressoitaque
701 4113 870 4191 incendio,
887 4113 1035 4196 populus,
1057 4112 1111 4198 qui
1127 4125 1353 4189 convenerant,

211 4197 475 4282 Omnipotentem
499 4199 606 4263 Deum
623 4199 800 4263 mirabilem
823 4199 855 4262 in
882 4200 1006 4263 Sanctis
1022 4200 1086 4263 suis
1108 4200 1295 4284 proedicans,
1313 4198 1356 4263 ad

207 4285 336 4369 propria
358 4286 464 4349 rediit.
527 4286 727 4350 Venerabilis
751 4294 828 4350 vero
851 4286 971 4351 semina
989 4286 1119 4371 capillos
1139 4285 1248 4350 Sancti
1266 4285 1356 4349 Mar·

194 4372 285 4456 'tyris
309 4372 350 4435 de
373 4371 446 4438 loco
469 4374 609 4438 incendii
633 4374 837 4524 sublatos,2in
864 4392 955 4438 novo
971 4373 1087 4439 locello
1110 4395 1206 4460 quem
1229 4372 1355 4437 adhoc
1445 4454 1449 4461 .

749 4482 770 4525 a
