<?xml version="1.0" encoding="UTF-8"?>
<!DOCTYPE html PUBLIC "-//W3C//DTD XHTML 1.0 Transitional//EN"
    "http://www.w3.org/TR/xhtml1/DTD/xhtml1-transitional.dtd">
<html xmlns="http://www.w3.org/1999/xhtml" xml:lang="en" lang="en">
 <head>
  <title>
</title>
<meta http-equiv="Content-Type" content="text/html;charset=utf-8" />
  <meta name='ocr-system' content='tesseract 3.04.00' />
  <meta name='ocr-capabilities' content='ocr_page ocr_carea ocr_par ocr_line ocrx_word'/>
</head>
<body>
  <div class='ocr_page' id='page_1' title='image "./miscellaneabiog02raingoog_0075.png"; bbox 0 0 3142 5159; ppageno 0'>
   <div class='ocr_carea' id='block_1_1' title="bbox 535 452 893 503">
    <p class='ocr_par' dir='ltr' id='par_1_1' title="bbox 535 452 893 503">
     <span class='ocr_line' id='line_1_1' title="bbox 535 452 893 503; baseline 0.011 -4"><span class='ocrx_word' id='word_1_1' title='bbox 535 452 644 500; x_wconf 83' lang='lat' dir='ltr'>REGIS</span> <span class='ocrx_word' id='word_1_2' title='bbox 672 454 893 503; x_wconf 78' lang='lat' dir='ltr'>DEIRORUM.</span> 
     </span>
    </p>
   </div>
   <div class='ocr_carea' id='block_1_2' title="bbox 139 610 1334 1394">
    <p class='ocr_par' dir='ltr' id='par_1_2' title="bbox 139 610 1334 1394">
     <span class='ocr_line' id='line_1_2' title="bbox 139 610 1295 715; baseline -0.002 -38"><span class='ocrx_word' id='word_1_3' title='bbox 139 612 211 699; x_wconf 91' lang='lat' dir='ltr'>ipsa</span> <span class='ocrx_word' id='word_1_4' title='bbox 232 633 304 675; x_wconf 92' lang='lat' dir='ltr'>cum</span> <span class='ocrx_word' id='word_1_5' title='bbox 330 610 452 675; x_wconf 88' lang='lat' dir='ltr'>summa</span> <span class='ocrx_word' id='word_1_6' title='bbox 474 610 639 677; x_wconf 88' lang='lat' dir='ltr'>celeritate</span> <span class='ocrx_word' id='word_1_7' title='bbox 662 628 854 715; x_wconf 81' lang='lat' dir='ltr'>consumpta</span> <span class='ocrx_word' id='word_1_8' title='bbox 876 625 936 689; x_wconf 87' lang='lat' dir='ltr'>est,</span> <span class='ocrx_word' id='word_1_9' title='bbox 946 625 996 676; x_wconf 75' lang='lat' dir='ltr'>et</span> <span class='ocrx_word' id='word_1_10' title='bbox 1020 613 1052 675; x_wconf 92' lang='lat' dir='ltr'>in</span> <span class='ocrx_word' id='word_1_11' title='bbox 1075 613 1175 698; x_wconf 89' lang='lat' dir='ltr'>paleis</span> <span class='ocrx_word' id='word_1_12' title='bbox 1199 613 1295 677; x_wconf 89' lang='lat' dir='ltr'>celeri</span> 
     </span>
     <span class='ocr_line' id='line_1_3' title="bbox 140 698 1296 785; baseline -0.001 -22"><span class='ocrx_word' id='word_1_13' title='bbox 140 699 320 764; x_wconf 81' lang='lat' dir='ltr'>voracitate</span> <span class='ocrx_word' id='word_1_14' title='bbox 343 698 484 762; x_wconf 89' lang='lat' dir='ltr'>redacta.</span> <span class='ocrx_word' id='word_1_15' title='bbox 532 700 627 763; x_wconf 92' lang='lat' dir='ltr'>Tunc</span> <span class='ocrx_word' id='word_1_16' title='bbox 650 700 691 765; x_wconf 91' lang='lat' dir='ltr'>ad</span> <span class='ocrx_word' id='word_1_17' title='bbox 715 702 853 785; x_wconf 91' lang='lat' dir='ltr'>primum</span> <span class='ocrx_word' id='word_1_18' title='bbox 876 700 990 764; x_wconf 89' lang='lat' dir='ltr'>mulier</span> <span class='ocrx_word' id='word_1_19' title='bbox 1005 723 1039 762; x_wconf 91' lang='lat' dir='ltr'>se</span> <span class='ocrx_word' id='word_1_20' title='bbox 1053 722 1203 784; x_wconf 86' lang='lat' dir='ltr'><strong>peccasse</strong></span> <span class='ocrx_word' id='word_1_21' title='bbox 1220 722 1296 783; x_wconf 90' lang='lat' dir='ltr'>cog-</span> 
     </span>
     <span class='ocr_line' id='line_1_4' title="bbox 139 786 1294 869; baseline -0.002 -17"><span class='ocrx_word' id='word_1_22' title='bbox 139 787 244 869; x_wconf 83' lang='lat' dir='ltr'>novit,</span> <span class='ocrx_word' id='word_1_23' title='bbox 261 798 295 849; x_wconf 89' lang='lat' dir='ltr'>et</span> <span class='ocrx_word' id='word_1_24' title='bbox 310 796 405 847; x_wconf 90' lang='lat' dir='ltr'>nocte</span> <span class='ocrx_word' id='word_1_25' title='bbox 420 807 492 848; x_wconf 93' lang='lat' dir='ltr'>cum</span> <span class='ocrx_word' id='word_1_26' title='bbox 508 808 542 849; x_wconf 90' lang='lat' dir='ltr'>se</span> <span class='ocrx_word' id='word_1_27' title='bbox 555 787 624 850; x_wconf 91' lang='lat' dir='ltr'>viro</span> <span class='ocrx_word' id='word_1_28' title='bbox 636 786 670 851; x_wconf 93' lang='lat' dir='ltr'>in</span> <span class='ocrx_word' id='word_1_29' title='bbox 683 803 809 853; x_wconf 85' lang='lat' dir='ltr'>secreto</span> <span class='ocrx_word' id='word_1_30' title='bbox 820 788 959 852; x_wconf 79' lang='lat' dir='ltr'>cubiculi</span> <span class='ocrx_word' id='word_1_31' title='bbox 968 800 1129 864; x_wconf 84' lang='lat' dir='ltr'>socrasset,</span> <span class='ocrx_word' id='word_1_32' title='bbox 1144 800 1294 851; x_wconf 89' lang='lat' dir='ltr'>eventum</span> 
     </span>
     <span class='ocr_line' id='line_1_5' title="bbox 140 871 1295 959; baseline -0.002 -22"><span class='ocrx_word' id='word_1_33' title='bbox 140 876 191 938; x_wconf 91' lang='lat' dir='ltr'>rei</span> <span class='ocrx_word' id='word_1_34' title='bbox 214 896 271 957; x_wconf 88' lang='lat' dir='ltr'>per</span> <span class='ocrx_word' id='word_1_35' title='bbox 294 871 440 935; x_wconf 84' lang='lat' dir='ltr'>ordinem</span> <span class='ocrx_word' id='word_1_36' title='bbox 463 872 625 955; x_wconf 80' lang='lat' dir='ltr'>exposuit,</span> <span class='ocrx_word' id='word_1_37' title='bbox 646 888 679 939; x_wconf 87' lang='lat' dir='ltr'>et</span> <span class='ocrx_word' id='word_1_38' title='bbox 698 898 849 959; x_wconf 84' lang='lat' dir='ltr'>peccasse</span> <span class='ocrx_word' id='word_1_39' title='bbox 865 898 899 939; x_wconf 89' lang='lat' dir='ltr'>se</span> <span class='ocrx_word' id='word_1_40' title='bbox 915 877 948 936; x_wconf 92' lang='lat' dir='ltr'>in</span> <span class='ocrx_word' id='word_1_41' title='bbox 968 874 1120 937; x_wconf 87' lang='lat' dir='ltr'>Sanctum</span> <span class='ocrx_word' id='word_1_42' title='bbox 1136 872 1238 955; x_wconf 85' lang='lat' dir='ltr'>Dei,J&#39;</span> <span class='ocrx_word' id='word_1_43' title='bbox 1242 896 1295 936; x_wconf 86' lang='lat' dir='ltr'>am</span> 
     </span>
     <span class='ocr_line' id='line_1_6' title="bbox 139 958 1294 1057; baseline -0.003 -33"><span class='ocrx_word' id='word_1_44' title='bbox 139 962 219 1045; x_wconf 80' lang='lat' dir='ltr'>facti</span> <span class='ocrx_word' id='word_1_45' title='bbox 246 959 407 1057; x_wconf 85' lang='lat' dir='ltr'>poenitens</span> <span class='ocrx_word' id='word_1_46' title='bbox 434 958 628 1023; x_wconf 89' lang='lat' dir='ltr'>inclamavit</span> <span class='ocrx_word' id='word_1_47' title='bbox 686 961 881 1025; x_wconf 90' lang='lat' dir='ltr'>Perterritus</span> <span class='ocrx_word' id='word_1_48' title='bbox 907 979 1014 1023; x_wconf 91' lang='lat' dir='ltr'>autem</span> <span class='ocrx_word' id='word_1_49' title='bbox 1046 961 1094 1024; x_wconf 92' lang='lat' dir='ltr'>vir</span> <span class='ocrx_word' id='word_1_50' title='bbox 1121 982 1216 1044; x_wconf 88' lang='lat' dir='ltr'>super</span> <span class='ocrx_word' id='word_1_51' title='bbox 1247 959 1294 1021; x_wconf 93' lang='lat' dir='ltr'>his</span> 
     </span>
     <span class='ocr_line' id='line_1_7' title="bbox 141 1044 1295 1134; baseline -0.003 -23"><span class='ocrx_word' id='word_1_52' title='bbox 141 1069 278 1111; x_wconf 92' lang='lat' dir='ltr'>uxorem</span> <span class='ocrx_word' id='word_1_53' title='bbox 302 1044 406 1109; x_wconf 89' lang='lat' dir='ltr'>verbis</span> <span class='ocrx_word' id='word_1_54' title='bbox 433 1046 586 1110; x_wconf 71' lang='lat' dir='ltr'>acerrime</span> <span class='ocrx_word' id='word_1_55' title='bbox 610 1048 775 1132; x_wconf 89' lang='lat' dir='ltr'>corripuit,</span> <span class='ocrx_word' id='word_1_56' title='bbox 802 1048 990 1134; x_wconf 90' lang='lat' dir='ltr'>monuitque</span> <span class='ocrx_word' id='word_1_57' title='bbox 1015 1061 1050 1112; x_wconf 93' lang='lat' dir='ltr'>ut</span> <span class='ocrx_word' id='word_1_58' title='bbox 1074 1048 1235 1110; x_wconf 85' lang='lat' dir='ltr'>sacerdoti</span> <span class='ocrx_word' id='word_1_59' title='bbox 1260 1070 1295 1109; x_wconf 88' lang='lat' dir='ltr'>se</span> 
     </span>
     <span class='ocr_line' id='line_1_8' title="bbox 140 1132 1334 1220; baseline -0.002 -22"><span class='ocrx_word' id='word_1_60' title='bbox 140 1134 339 1217; x_wconf 85' lang='lat' dir='ltr'>ostenderet,</span> <span class='ocrx_word' id='word_1_61' title='bbox 364 1154 433 1195; x_wconf 87' lang='lat' dir='ltr'>rem</span> <span class='ocrx_word' id='word_1_62' title='bbox 449 1132 589 1197; x_wconf 88' lang='lat' dir='ltr'>seriatim</span> <span class='ocrx_word' id='word_1_63' title='bbox 606 1149 796 1219; x_wconf 89' lang='lat' dir='ltr'>exponeret,</span> <span class='ocrx_word' id='word_1_64' title='bbox 814 1134 984 1220; x_wconf 89' lang='lat' dir='ltr'>etjudicio</span> <span class='ocrx_word' id='word_1_65' title='bbox 1000 1134 1191 1198; x_wconf 89' lang='lat' dir='ltr'>sacerdotali</span> <span class='ocrx_word' id='word_1_66' title='bbox 1207 1133 1296 1219; x_wconf 91' lang='lat' dir='ltr'>quod</span> <span class='ocrx_word' id='word_1_67' title='bbox 1330 1144 1334 1151; x_wconf 88' lang='grc'><em>“</em></span> 
     </span>
     <span class='ocr_line' id='line_1_9' title="bbox 142 1219 1291 1306; baseline -0.003 -21"><span class='ocrx_word' id='word_1_68' title='bbox 142 1221 176 1285; x_wconf 89' lang='lat' dir='ltr'>in</span> <span class='ocrx_word' id='word_1_69' title='bbox 202 1220 310 1285; x_wconf 89' lang='lat' dir='ltr'>Deum</span> <span class='ocrx_word' id='word_1_70' title='bbox 335 1233 368 1283; x_wconf 88' lang='lat' dir='ltr'>et</span> <span class='ocrx_word' id='word_1_71' title='bbox 392 1219 592 1283; x_wconf 89' lang='lat' dir='ltr'>Sanctum</span> <span class='ocrx_word' id='word_1_72' title='bbox 564 1242 632 1303; x_wconf 88' lang='lat' dir='ltr'>eJus</span> <span class='ocrx_word' id='word_1_73' title='bbox 649 1235 839 1305; x_wconf 88' lang='lat' dir='ltr'>peccaverat</span> <span class='ocrx_word' id='word_1_74' title='bbox 855 1221 1012 1306; x_wconf 89' lang='lat' dir='ltr'>expiaret.</span> <span class='ocrx_word' id='word_1_75' title='bbox 989 1221 1150 1285; x_wconf 84' lang='lat' dir='ltr'>tFecit</span> <span class='ocrx_word' id='word_1_76' title='bbox 1166 1220 1291 1295; x_wconf 89' lang='lat' dir='ltr'>mulier,</span> 
     </span>
     <span class='ocr_line' id='line_1_10' title="bbox 141 1305 1295 1394; baseline -0.001 -23"><span class='ocrx_word' id='word_1_77' title='bbox 141 1306 292 1394; x_wconf 82' lang='lat' dir='ltr'>sequenti</span> <span class='ocrx_word' id='word_1_78' title='bbox 311 1305 480 1384; x_wconf 88' lang='lat' dir='ltr'>dominica,</span> <span class='ocrx_word' id='word_1_79' title='bbox 503 1307 634 1393; x_wconf 93' lang='lat' dir='ltr'>quod</span> <span class='ocrx_word' id='word_1_80' title='bbox 607 1330 654 1370; x_wconf 83' lang='lat' dir='ltr'>vir</span> <span class='ocrx_word' id='word_1_81' title='bbox 669 1308 805 1384; x_wconf 89' lang='lat' dir='ltr'>indixit,</span> <span class='ocrx_word' id='word_1_82' title='bbox 828 1309 869 1372; x_wconf 89' lang='lat' dir='ltr'>ad</span> <span class='ocrx_word' id='word_1_83' title='bbox 885 1308 1085 1371; x_wconf 85' lang='lat' dir='ltr'>sacerdotem</span> <span class='ocrx_word' id='word_1_84' title='bbox 1100 1305 1243 1383; x_wconf 92' lang='lat' dir='ltr'>accessit,</span> <span class='ocrx_word' id='word_1_85' title='bbox 1261 1322 1295 1370; x_wconf 91' lang='lat' dir='ltr'>et</span> 
     </span>
    </p>
   </div>
   <div class='ocr_carea' id='block_1_3' title="bbox 142 1393 1297 1547">
    <p class='ocr_par' dir='ltr' id='par_1_3' title="bbox 142 1393 1297 1547">
     <span class='ocr_line' id='line_1_11' title="bbox 142 1393 1297 1544; baseline -0.002 -85"><span class='ocrx_word' id='word_1_86' title='bbox 142 1419 162 1459; x_wconf 92' lang='lat' dir='ltr'>a</span> <span class='ocrx_word' id='word_1_87' title='bbox 188 1394 311 1544; x_wconf 60' lang='lat' dir='ltr'>terpiplo</span> <span class='ocrx_word' id='word_1_88' title='bbox 329 1393 507 1477; x_wconf 89' lang='lat' dir='ltr'>justificata</span> <span class='ocrx_word' id='word_1_89' title='bbox 528 1394 672 1473; x_wconf 87' lang='lat' dir='ltr'>recessit,</span> <span class='ocrx_word' id='word_1_90' title='bbox 698 1408 731 1459; x_wconf 88' lang='lat' dir='ltr'>et</span> <span class='ocrx_word' id='word_1_91' title='bbox 719 1396 796 1459; x_wconf 92' lang='lat' dir='ltr'>tde</span> <span class='ocrx_word' id='word_1_92' title='bbox 818 1408 939 1460; x_wconf 86' lang='lat' dir='ltr'>coetero</span> <span class='ocrx_word' id='word_1_93' title='bbox 961 1394 1049 1481; x_wconf 93' lang='lat' dir='ltr'>quod</span> <span class='ocrx_word' id='word_1_94' title='bbox 1071 1395 1154 1459; x_wconf 71' lang='lat' dir='ltr'>male</span> <span class='ocrx_word' id='word_1_95' title='bbox 1176 1393 1297 1459; x_wconf 82' lang='lat' dir='ltr'>fecerat</span> 
     </span>
     <span class='ocr_line' id='line_1_12' title="bbox 144 1494 339 1547; baseline -0.022 0"><span class='ocrx_word' id='word_1_96' title='bbox 144 1504 237 1547; x_wconf 89' lang='lat' dir='ltr'>emen</span> <span class='ocrx_word' id='word_1_97' title='bbox 263 1494 339 1545; x_wconf 79' lang='lat' dir='ltr'>avit.</span> 
     </span>
    </p>
   </div>
   <div class='ocr_carea' id='block_1_4' title="bbox 145 1743 1296 1999">
    <p class='ocr_par' dir='ltr' id='par_1_4' title="bbox 145 1743 1296 1999">
     <span class='ocr_line' id='line_1_13' title="bbox 145 1743 1296 1827; baseline -0.001 -18"><span class='ocrx_word' id='word_1_98' title='bbox 145 1744 246 1809; x_wconf 81' lang='lat' dir='ltr'>CAP.</span> <span class='ocrx_word' id='word_1_99' title='bbox 265 1743 478 1807; x_wconf 65' lang='lat' dir='ltr'>Xera-De</span> <span class='ocrx_word' id='word_1_100' title='bbox 489 1746 653 1808; x_wconf 78' lang='lat' dir='ltr'>vinculatis</span> <span class='ocrx_word' id='word_1_101' title='bbox 667 1748 754 1826; x_wconf 83' lang='lat' dir='ltr'>apud</span> <span class='ocrx_word' id='word_1_102' title='bbox 765 1744 883 1808; x_wconf 82' lang='lat' dir='ltr'>Novam</span> <span class='ocrx_word' id='word_1_103' title='bbox 898 1745 1042 1809; x_wconf 74' lang='lat' dir='ltr'>Castrum</span> <span class='ocrx_word' id='word_1_104' title='bbox 1056 1748 1113 1827; x_wconf 83' lang='lat' dir='ltr'>qui</span> <span class='ocrx_word' id='word_1_105' title='bbox 1124 1747 1162 1808; x_wconf 87' lang='lat' dir='ltr'>de</span> <span class='ocrx_word' id='word_1_106' title='bbox 1173 1765 1296 1809; x_wconf 86' lang='lat' dir='ltr'>carcerc</span> 
     </span>
     <span class='ocr_line' id='line_1_14' title="bbox 226 1832 1295 1911; baseline 0.002 -18"><span class='ocrx_word' id='word_1_107' title='bbox 226 1851 287 1911; x_wconf 84' lang='lat' dir='ltr'>per</span> <span class='ocrx_word' id='word_1_108' title='bbox 302 1832 448 1893; x_wconf 69' lang='lat' dir='ltr'>visionem</span> <span class='ocrx_word' id='word_1_109' title='bbox 463 1835 578 1911; x_wconf 73' lang='lat' dir='ltr'>carcesi</span> <span class='ocrx_word' id='word_1_110' title='bbox 591 1841 671 1909; x_wconf 82' lang='lat' dir='ltr'>sant,</span> <span class='ocrx_word' id='word_1_111' title='bbox 684 1842 714 1895; x_wconf 85' lang='lat' dir='ltr'>ct</span> <span class='ocrx_word' id='word_1_112' title='bbox 727 1835 771 1895; x_wconf 88' lang='lat' dir='ltr'>ad</span> <span class='ocrx_word' id='word_1_113' title='bbox 783 1835 942 1895; x_wconf 81' lang='lat' dir='ltr'>eccleciam</span> <span class='ocrx_word' id='word_1_114' title='bbox 953 1832 1061 1894; x_wconf 83' lang='lat' dir='ltr'>Sancti</span> <span class='ocrx_word' id='word_1_115' title='bbox 1075 1836 1237 1908; x_wconf 77' lang='lat' dir='ltr'>venientes,</span> <span class='ocrx_word' id='word_1_116' title='bbox 1254 1834 1295 1895; x_wconf 78' lang='lat' dir='ltr'>ab</span> 
     </span>
     <span class='ocr_line' id='line_1_15' title="bbox 231 1921 995 1999; baseline 0 -20"><span class='ocrx_word' id='word_1_117' title='bbox 231 1921 361 1980; x_wconf 81' lang='lat' dir='ltr'>instanti</span> <span class='ocrx_word' id='word_1_118' title='bbox 375 1928 469 1980; x_wconf 86' lang='lat' dir='ltr'>morte</span> <span class='ocrx_word' id='word_1_119' title='bbox 483 1940 576 1999; x_wconf 82' lang='lat' dir='ltr'>qaam</span> <span class='ocrx_word' id='word_1_120' title='bbox 590 1928 765 1982; x_wconf 78' lang='lat' dir='ltr'>meruerant</span> <span class='ocrx_word' id='word_1_121' title='bbox 777 1921 901 1982; x_wconf 82' lang='lat' dir='ltr'>liberati</span> <span class='ocrx_word' id='word_1_122' title='bbox 915 1927 995 1981; x_wconf 80' lang='lat' dir='ltr'>sunt.</span> 
     </span>
    </p>
   </div>
   <div class='ocr_carea' id='block_1_5' title="bbox 143 2089 1298 3409">
    <p class='ocr_par' dir='ltr' id='par_1_5' title="bbox 143 2089 1296 2349">
     <span class='ocr_line' id='line_1_16' title="bbox 191 2089 1294 2177; baseline 0.002 -24"><span class='ocrx_word' id='word_1_123' title='bbox 191 2089 292 2154; x_wconf 88' lang='lat' dir='ltr'>Erant</span> <span class='ocrx_word' id='word_1_124' title='bbox 280 2090 401 2174; x_wconf 88' lang='lat' dir='ltr'>tapud</span> <span class='ocrx_word' id='word_1_125' title='bbox 419 2089 548 2154; x_wconf 92' lang='lat' dir='ltr'>Novum</span> <span class='ocrx_word' id='word_1_126' title='bbox 569 2091 745 2155; x_wconf 87' lang='lat' dir='ltr'>Castellum</span> <span class='ocrx_word' id='word_1_127' title='bbox 761 2114 807 2154; x_wconf 83' lang='lat' dir='ltr'>rer</span> <span class='ocrx_word' id='word_1_128' title='bbox 799 2090 954 2177; x_wconf 88' lang='lat' dir='ltr'>quidam</span> <span class='ocrx_word' id='word_1_129' title='bbox 969 2089 1125 2153; x_wconf 88' lang='lat' dir='ltr'>vinculis</span> <span class='ocrx_word' id='word_1_130' title='bbox 1117 2089 1243 2167; x_wconf 87' lang='lat' dir='ltr'>rrretiti,</span> <span class='ocrx_word' id='word_1_131' title='bbox 1260 2103 1294 2155; x_wconf 88' lang='lat' dir='ltr'>et</span> 
     </span>
     <span class='ocr_line' id='line_1_17' title="bbox 143 2177 1296 2278; baseline -0.001 -36"><span class='ocrx_word' id='word_1_132' title='bbox 143 2200 204 2278; x_wconf 84' lang='lat' dir='ltr'>pro</span> <span class='ocrx_word' id='word_1_133' title='bbox 219 2177 282 2240; x_wconf 90' lang='lat' dir='ltr'>suis</span> <span class='ocrx_word' id='word_1_134' title='bbox 299 2177 468 2241; x_wconf 89' lang='lat' dir='ltr'>damnandi</span> <span class='ocrx_word' id='word_1_135' title='bbox 486 2178 678 2242; x_wconf 89' lang='lat' dir='ltr'>sceleribus·</span> <span class='ocrx_word' id='word_1_136' title='bbox 671 2226 680 2254; x_wconf 92' lang='lat'>,</span> <span class='ocrx_word' id='word_1_137' title='bbox 696 2202 751 2265; x_wconf 87' lang='lat' dir='ltr'>qur</span> <span class='ocrx_word' id='word_1_138' title='bbox 742 2179 880 2242; x_wconf 91' lang='lat' dir='ltr'>cotidie</span> <span class='ocrx_word' id='word_1_139' title='bbox 893 2177 1000 2265; x_wconf 89' lang='lat' dir='ltr'>aliquo</span> <span class='ocrx_word' id='word_1_140' title='bbox 1013 2177 1166 2241; x_wconf 91' lang='lat' dir='ltr'>tormenti</span> <span class='ocrx_word' id='word_1_141' title='bbox 1176 2200 1296 2260; x_wconf 89' lang='lat' dir='ltr'>genere</span> 
     </span>
     <span class='ocr_line' id='line_1_18' title="bbox 147 2264 1297 2349; baseline -0.002 -20"><span class='ocrx_word' id='word_1_142' title='bbox 147 2265 297 2329; x_wconf 88' lang='lat' dir='ltr'>miseram</span> <span class='ocrx_word' id='word_1_143' title='bbox 321 2279 458 2327; x_wconf 85' lang='lat' dir='ltr'>mortem</span> <span class='ocrx_word' id='word_1_144' title='bbox 481 2268 707 2348; x_wconf 84' lang='lat' dir='ltr'>expectabant.</span> <span class='ocrx_word' id='word_1_145' title='bbox 757 2266 884 2329; x_wconf 90' lang='lat' dir='ltr'>Horum</span> <span class='ocrx_word' id='word_1_146' title='bbox 903 2264 1051 2349; x_wconf 86' lang='lat' dir='ltr'>pedes</span> <span class='ocrx_word' id='word_1_147' title='bbox 1024 2286 1119 2349; x_wconf 79' lang='lat' dir='ltr'>cippo</span> <span class='ocrx_word' id='word_1_148' title='bbox 1142 2266 1297 2329; x_wconf 88' lang='lat' dir='ltr'>teneban-</span> 
     </span>
    </p>

    <p class='ocr_par' dir='ltr' id='par_1_6' title="bbox 144 2351 1297 3393">
     <span class='ocr_line' id='line_1_19' title="bbox 146 2351 1296 2430; baseline -0.001 -13.986"><span class='ocrx_word' id='word_1_149' title='bbox 146 2365 210 2430; x_wconf 88' lang='lat' dir='ltr'>tur,</span> <span class='ocrx_word' id='word_1_150' title='bbox 228 2364 261 2415; x_wconf 90' lang='lat' dir='ltr'>et</span> <span class='ocrx_word' id='word_1_151' title='bbox 277 2351 398 2427; x_wconf 89' lang='lat' dir='ltr'>anulis;</span> <span class='ocrx_word' id='word_1_152' title='bbox 414 2351 497 2416; x_wconf 92' lang='lat' dir='ltr'>colla</span> <span class='ocrx_word' id='word_1_153' title='bbox 512 2351 609 2429; x_wconf 84' lang='lat' dir='ltr'>ferro,</span> <span class='ocrx_word' id='word_1_154' title='bbox 623 2376 768 2416; x_wconf 90' lang='lat' dir='ltr'>manus</span> <span class='ocrx_word' id='word_1_155' title='bbox 751 2352 884 2416; x_wconf 88' lang='lat' dir='ltr'>vinculis</span> <span class='ocrx_word' id='word_1_156' title='bbox 897 2354 1123 2427; x_wconf 86' lang='lat' dir='ltr'>arctabantur3</span> <span class='ocrx_word' id='word_1_157' title='bbox 1139 2364 1173 2415; x_wconf 89' lang='lat' dir='ltr'>et</span> <span class='ocrx_word' id='word_1_158' title='bbox 1188 2352 1296 2415; x_wconf 89' lang='lat' dir='ltr'>inedia</span> 
     </span>
     <span class='ocr_line' id='line_1_20' title="bbox 146 2437 1295 2525; baseline -0.002 -22"><span class='ocrx_word' id='word_1_159' title='bbox 146 2440 238 2503; x_wconf 87' lang='lat' dir='ltr'>famis</span> <span class='ocrx_word' id='word_1_160' title='bbox 254 2437 374 2515; x_wconf 87' lang='lat' dir='ltr'>afflicti,</span> <span class='ocrx_word' id='word_1_161' title='bbox 391 2438 475 2502; x_wconf 87' lang='lat' dir='ltr'>fame</span> <span class='ocrx_word' id='word_1_162' title='bbox 491 2440 680 2503; x_wconf 88' lang='lat' dir='ltr'>laborabant</span> <span class='ocrx_word' id='word_1_163' title='bbox 696 2454 730 2503; x_wconf 84' lang='lat' dir='ltr'>et</span> <span class='ocrx_word' id='word_1_164' title='bbox 745 2439 842 2503; x_wconf 86' lang='lat' dir='ltr'>ferro.</span> <span class='ocrx_word' id='word_1_165' title='bbox 891 2439 970 2502; x_wconf 91' lang='lat' dir='ltr'>Erat</span> <span class='ocrx_word' id='word_1_166' title='bbox 987 2462 1066 2525; x_wconf 88' lang='lat' dir='ltr'>ergo</span> <span class='ocrx_word' id='word_1_167' title='bbox 1082 2438 1179 2501; x_wconf 89' lang='lat' dir='ltr'>anxia</span> <span class='ocrx_word' id='word_1_168' title='bbox 1193 2440 1295 2503; x_wconf 92' lang='lat' dir='ltr'>malo-</span> 
     </span>
     <span class='ocr_line' id='line_1_21' title="bbox 144 2525 1297 2624; baseline -0.002 -35"><span class='ocrx_word' id='word_1_169' title='bbox 144 2548 217 2589; x_wconf 89' lang='lat' dir='ltr'>rum</span> <span class='ocrx_word' id='word_1_170' title='bbox 226 2526 335 2603; x_wconf 90' lang='lat' dir='ltr'>facies,</span> <span class='ocrx_word' id='word_1_171' title='bbox 345 2525 496 2611; x_wconf 90' lang='lat' dir='ltr'>quoniam</span> <span class='ocrx_word' id='word_1_172' title='bbox 506 2525 654 2590; x_wconf 87' lang='lat' dir='ltr'>debilitas</span> <span class='ocrx_word' id='word_1_173' title='bbox 664 2538 888 2624; x_wconf 82' lang='lat' dir='ltr'>corporum,et</span> <span class='ocrx_word' id='word_1_174' title='bbox 898 2528 1032 2589; x_wconf 90' lang='lat' dir='ltr'>carceris</span> <span class='ocrx_word' id='word_1_175' title='bbox 1042 2525 1166 2602; x_wconf 91' lang='lat' dir='ltr'>horror,</span> <span class='ocrx_word' id='word_1_176' title='bbox 1179 2548 1297 2623; x_wconf 90' lang='lat' dir='ltr'>angus-</span> 
     </span>
     <span class='ocr_line' id='line_1_22' title="bbox 146 2612 1295 2712; baseline -0.002 -35"><span class='ocrx_word' id='word_1_177' title='bbox 146 2612 192 2677; x_wconf 90' lang='lat' dir='ltr'>tia</span> <span class='ocrx_word' id='word_1_178' title='bbox 213 2612 315 2688; x_wconf 78' lang='lat' dir='ltr'>lamis,</span> <span class='ocrx_word' id='word_1_179' title='bbox 340 2625 374 2675; x_wconf 89' lang='lat' dir='ltr'>et</span> <span class='ocrx_word' id='word_1_180' title='bbox 396 2612 473 2676; x_wconf 83' lang='lat' dir='ltr'>ferri</span> <span class='ocrx_word' id='word_1_181' title='bbox 496 2614 631 2712; x_wconf 84' lang='lat' dir='ltr'>pondus,</span> <span class='ocrx_word' id='word_1_182' title='bbox 656 2636 783 2676; x_wconf 88' lang='lat' dir='ltr'>omnem</span> <span class='ocrx_word' id='word_1_183' title='bbox 807 2613 852 2675; x_wconf 90' lang='lat' dir='ltr'>eis</span> <span class='ocrx_word' id='word_1_184' title='bbox 876 2612 1034 2675; x_wconf 90' lang='lat' dir='ltr'>evadendi</span> <span class='ocrx_word' id='word_1_185' title='bbox 1056 2634 1145 2696; x_wconf 90' lang='lat' dir='ltr'>spem</span> <span class='ocrx_word' id='word_1_186' title='bbox 1164 2612 1295 2696; x_wconf 89' lang='lat' dir='ltr'>penitus</span> 
     </span>
     <span class='ocr_line' id='line_1_23' title="bbox 145 2697 1296 2785; baseline -0.002 -21"><span class='ocrx_word' id='word_1_187' title='bbox 145 2701 360 2784; x_wconf 89' lang='lat' dir='ltr'>denegabant.</span> <span class='ocrx_word' id='word_1_188' title='bbox 381 2698 596 2773; x_wconf 84' lang='lat' dir='ltr'>Quaerebant&#39;</span> <span class='ocrx_word' id='word_1_189' title='bbox 589 2700 687 2785; x_wconf 81' lang='lat' dir='ltr'>igitur</span> <span class='ocrx_word' id='word_1_190' title='bbox 698 2724 795 2785; x_wconf 91' lang='lat' dir='ltr'>opem</span> <span class='ocrx_word' id='word_1_191' title='bbox 807 2723 826 2762; x_wconf 92' lang='lat' dir='ltr'>a</span> <span class='ocrx_word' id='word_1_192' title='bbox 810 2698 989 2774; x_wconf 91' lang='lat' dir='ltr'>Domino,</span> <span class='ocrx_word' id='word_1_193' title='bbox 1006 2720 1103 2784; x_wconf 92' lang='lat' dir='ltr'>quum</span> <span class='ocrx_word' id='word_1_194' title='bbox 1120 2697 1152 2760; x_wconf 89' lang='lat' dir='ltr'>in</span> <span class='ocrx_word' id='word_1_195' title='bbox 1165 2698 1296 2762; x_wconf 91' lang='lat' dir='ltr'>homine</span> 
     </span>
     <span class='ocr_line' id='line_1_24' title="bbox 144 2784 1295 2872; baseline -0.003 -21"><span class='ocrx_word' id='word_1_196' title='bbox 144 2788 298 2865; x_wconf 87' lang='lat' dir='ltr'>fiduciam</span> <span class='ocrx_word' id='word_1_197' title='bbox 315 2809 378 2849; x_wconf 91' lang='lat' dir='ltr'>non</span> <span class='ocrx_word' id='word_1_198' title='bbox 394 2787 568 2851; x_wconf 87' lang='lat' dir='ltr'>habebant.</span> <span class='ocrx_word' id='word_1_199' title='bbox 618 2787 831 2872; x_wconf 85' lang='lat' dir='ltr'>Agebantque</span> <span class='ocrx_word' id='word_1_200' title='bbox 848 2785 932 2870; x_wconf 90' lang='lat' dir='ltr'>apud</span> <span class='ocrx_word' id='word_1_201' title='bbox 949 2785 1027 2849; x_wconf 93' lang='lat' dir='ltr'>illud</span> <span class='ocrx_word' id='word_1_202' title='bbox 1043 2809 1077 2850; x_wconf 93' lang='lat' dir='ltr'>se</span> <span class='ocrx_word' id='word_1_203' title='bbox 1093 2785 1134 2849; x_wconf 89' lang='lat' dir='ltr'>de</span> <span class='ocrx_word' id='word_1_204' title='bbox 1152 2784 1295 2849; x_wconf 91' lang='lat' dir='ltr'>Domino</span> 
     </span>
     <span class='ocr_line' id='line_1_25' title="bbox 146 2860 1296 2974; baseline -0.004 -34"><span class='ocrx_word' id='word_1_205' title='bbox 146 2860 272 2939; x_wconf 80' lang='lat' dir='ltr'>audisse</span> <span class='ocrx_word' id='word_1_206' title='bbox 295 2873 382 2959; x_wconf 93' lang='lat' dir='ltr'>quod</span> <span class='ocrx_word' id='word_1_207' title='bbox 405 2897 513 2973; x_wconf 85' lang='lat' dir='ltr'>saepe</span> <span class='ocrx_word' id='word_1_208' title='bbox 512 2873 597 2937; x_wconf 85' lang='lat' dir='ltr'>levat</span> <span class='ocrx_word' id='word_1_209' title='bbox 612 2897 733 2958; x_wconf 91' lang='lat' dir='ltr'>poenas,</span> <span class='ocrx_word' id='word_1_210' title='bbox 751 2887 925 2959; x_wconf 90' lang='lat' dir='ltr'>ereptaque</span> <span class='ocrx_word' id='word_1_211' title='bbox 940 2872 1072 2974; x_wconf 71' lang='lat' dir='ltr'>praemia</span> <span class='ocrx_word' id='word_1_212' title='bbox 1087 2872 1204 2948; x_wconf 90' lang='lat' dir='ltr'>reddit,</span> <span class='ocrx_word' id='word_1_213' title='bbox 1222 2896 1296 2935; x_wconf 92' lang='lat' dir='ltr'>cum</span> 
     </span>
     <span class='ocr_line' id='line_1_26' title="bbox 145 2959 1297 3046; baseline -0.004 -20"><span class='ocrx_word' id='word_1_214' title='bbox 145 2963 229 3026; x_wconf 92' lang='lat' dir='ltr'>bene</span> <span class='ocrx_word' id='word_1_215' title='bbox 242 2974 354 3046; x_wconf 91' lang='lat' dir='ltr'>peccat</span> <span class='ocrx_word' id='word_1_216' title='bbox 356 2962 366 3023; x_wconf 96' lang='lat' dir='ltr'>i</span> <span class='ocrx_word' id='word_1_217' title='bbox 383 2961 482 3046; x_wconf 88' lang='lat' dir='ltr'>poenit</span> <span class='ocrx_word' id='word_1_218' title='bbox 484 2960 566 3025; x_wconf 89' lang='lat' dir='ltr'>uisse</span> <span class='ocrx_word' id='word_1_219' title='bbox 583 2960 681 3025; x_wconf 88' lang='lat' dir='ltr'>videt.</span> <span class='ocrx_word' id='word_1_220' title='bbox 730 2960 886 3025; x_wconf 87' lang='lat' dir='ltr'>Poenituit</span> <span class='ocrx_word' id='word_1_221' title='bbox 901 2959 977 3024; x_wconf 86' lang='lat' dir='ltr'>facti</span> <span class='ocrx_word' id='word_1_222' title='bbox 994 2963 1136 3037; x_wconf 88' lang='lat' dir='ltr'>miseros,</span> <span class='ocrx_word' id='word_1_223' title='bbox 1149 2981 1297 3042; x_wconf 86' lang='lat' dir='ltr'>superos-</span> 
     </span>
     <span class='ocr_line' id='line_1_27' title="bbox 169 3046 1297 3148; baseline -0.002 -36"><span class='ocrx_word' id='word_1_224' title='bbox 169 3071 208 3112; x_wconf 92' lang='lat' dir='ltr'>ue</span> <span class='ocrx_word' id='word_1_225' title='bbox 231 3060 413 3133; x_wconf 88' lang='lat' dir='ltr'>precantur,</span> <span class='ocrx_word' id='word_1_226' title='bbox 440 3048 568 3111; x_wconf 90' lang='lat' dir='ltr'>fletibus</span> <span class='ocrx_word' id='word_1_227' title='bbox 596 3072 653 3113; x_wconf 88' lang='lat' dir='ltr'>ora</span> <span class='ocrx_word' id='word_1_228' title='bbox 663 3048 795 3148; x_wconf 87' lang='lat' dir='ltr'>rigant,</span> <span class='ocrx_word' id='word_1_229' title='bbox 825 3047 901 3111; x_wconf 87' lang='lat' dir='ltr'>talia</span> <span class='ocrx_word' id='word_1_230' title='bbox 924 3060 1031 3109; x_wconf 89' lang='lat' dir='ltr'>mente</span> <span class='ocrx_word' id='word_1_231' title='bbox 1046 3060 1173 3128; x_wconf 88' lang='lat' dir='ltr'>gerunt.</span> <span class='ocrx_word' id='word_1_232' title='bbox 1226 3056 1248 3086; x_wconf 84' lang='lat'><strong>“</strong></span> <span class='ocrx_word' id='word_1_233' title='bbox 1265 3046 1297 3110; x_wconf 91' lang='grc' dir='ltr'><strong>Ο</strong></span> 
     </span>
     <span class='ocr_line' id='line_1_28' title="bbox 146 3072 1298 3220; baseline -0.004 -19"><span class='ocrx_word' id='word_1_234' title='bbox 146 3072 200 3201; x_wconf 64' lang='lat' dir='ltr'>be</span> <span class='ocrx_word' id='word_1_235' title='bbox 204 3137 257 3201; x_wconf 90' lang='lat' dir='ltr'>usl</span> <span class='ocrx_word' id='word_1_236' title='bbox 282 3159 302 3198; x_wconf 92' lang='lat' dir='ltr'>o</span> <span class='ocrx_word' id='word_1_237' title='bbox 325 3134 438 3199; x_wconf 80' lang='lat' dir='ltr'>fortis!</span> <span class='ocrx_word' id='word_1_238' title='bbox 463 3160 482 3199; x_wconf 95' lang='grc' dir='ltr'>ο</span> <span class='ocrx_word' id='word_1_239' title='bbox 499 3137 574 3199; x_wconf 87' lang='lat' dir='ltr'>vitae</span> <span class='ocrx_word' id='word_1_240' title='bbox 597 3135 686 3220; x_wconf 89' lang='lat' dir='ltr'>panis</span> <span class='ocrx_word' id='word_1_241' title='bbox 700 3143 735 3199; x_wconf 91' lang='lat' dir='ltr'>et</span> <span class='ocrx_word' id='word_1_242' title='bbox 752 3135 883 3200; x_wconf 88' lang='lat' dir='ltr'>auctorl</span> <span class='ocrx_word' id='word_1_243' title='bbox 908 3156 995 3209; x_wconf 90' lang='lat' dir='ltr'>erue,</span> <span class='ocrx_word' id='word_1_244' title='bbox 1012 3134 1111 3210; x_wconf 90' lang='lat' dir='ltr'>solve,</span> <span class='ocrx_word' id='word_1_245' title='bbox 1128 3131 1210 3210; x_wconf 91' lang='lat' dir='ltr'>leva,</span> <span class='ocrx_word' id='word_1_246' title='bbox 1225 3156 1298 3197; x_wconf 90' lang='lat' dir='ltr'>cor-</span> 
     </span>
     <span class='ocr_line' id='line_1_29' title="bbox 144 3218 1298 3320; baseline -0.003 -33"><span class='ocrx_word' id='word_1_247' title='bbox 144 3246 235 3308; x_wconf 89' lang='lat' dir='ltr'>pora,</span> <span class='ocrx_word' id='word_1_248' title='bbox 260 3222 375 3299; x_wconf 89' lang='lat' dir='ltr'>vincla,</span> <span class='ocrx_word' id='word_1_249' title='bbox 399 3221 547 3286; x_wconf 61' lang='lat' dir='ltr'>fameml&#39;</span> <span class='ocrx_word' id='word_1_250' title='bbox 594 3222 701 3287; x_wconf 90' lang='lat' dir='ltr'>Nocte</span> <span class='ocrx_word' id='word_1_251' title='bbox 726 3245 802 3287; x_wconf 88' lang='lat' dir='ltr'>vero</span> <span class='ocrx_word' id='word_1_252' title='bbox 816 3244 880 3308; x_wconf 89' lang='lat' dir='ltr'>qua</span> <span class='ocrx_word' id='word_1_253' title='bbox 863 3220 1065 3285; x_wconf 88' lang='lat' dir='ltr'>decollatio</span> <span class='ocrx_word' id='word_1_254' title='bbox 1085 3218 1193 3283; x_wconf 87' lang='lat' dir='ltr'>Sancti</span> <span class='ocrx_word' id='word_1_255' title='bbox 1213 3221 1298 3320; x_wconf 88' lang='lat' dir='ltr'>Bap-</span> 
     </span>
     <span class='ocr_line' id='line_1_30' title="bbox 145 3306 1297 3409; baseline -0.003 -35"><span class='ocrx_word' id='word_1_256' title='bbox 145 3310 230 3375; x_wconf 83' lang='lat' dir='ltr'>tistae</span> <span class='ocrx_word' id='word_1_257' title='bbox 258 3309 355 3375; x_wconf 88' lang='lat' dir='ltr'>Cristi</span> <span class='ocrx_word' id='word_1_258' title='bbox 377 3309 518 3373; x_wconf 90' lang='lat' dir='ltr'>celebrat</span> <span class='ocrx_word' id='word_1_259' title='bbox 506 3324 558 3373; x_wconf 88' lang='lat' dir='ltr'>tur</span> <span class='ocrx_word' id='word_1_260' title='bbox 580 3324 614 3375; x_wconf 91' lang='lat' dir='ltr'>et</span> <span class='ocrx_word' id='word_1_261' title='bbox 637 3310 713 3374; x_wconf 91' lang='lat' dir='ltr'>colit</span> <span class='ocrx_word' id='word_1_262' title='bbox 701 3324 763 3388; x_wconf 92' lang='lat' dir='ltr'>utr,</span> <span class='ocrx_word' id='word_1_263' title='bbox 788 3331 861 3373; x_wconf 92' lang='lat' dir='ltr'>cum</span> <span class='ocrx_word' id='word_1_264' title='bbox 884 3331 972 3409; x_wconf 82' lang='lat' dir='ltr'>aegro</span> <span class='ocrx_word' id='word_1_265' title='bbox 996 3306 1102 3392; x_wconf 92' lang='lat' dir='ltr'>sopori</span> <span class='ocrx_word' id='word_1_266' title='bbox 1118 3306 1224 3371; x_wconf 89' lang='lat' dir='ltr'>miseri</span> <span class='ocrx_word' id='word_1_267' title='bbox 1241 3307 1297 3370; x_wconf 92' lang='lat' dir='ltr'>vix</span> 
     </span>
    </p>
   </div>
   <div class='ocr_carea' id='block_1_6' title="bbox 146 3393 1300 3815">
    <p class='ocr_par' dir='ltr' id='par_1_7' title="bbox 146 3393 1300 3815">
     <span class='ocr_line' id='line_1_31' title="bbox 146 3393 1298 3483; baseline -0.003 -22"><span class='ocrx_word' id='word_1_268' title='bbox 146 3397 281 3461; x_wconf 90' lang='lat' dir='ltr'>menbra</span> <span class='ocrx_word' id='word_1_269' title='bbox 306 3395 482 3472; x_wconf 90' lang='lat' dir='ltr'>dedissent,</span> <span class='ocrx_word' id='word_1_270' title='bbox 510 3396 633 3460; x_wconf 91' lang='lat' dir='ltr'>audivit</span> <span class='ocrx_word' id='word_1_271' title='bbox 659 3397 791 3483; x_wconf 90' lang='lat' dir='ltr'>quidam</span> <span class='ocrx_word' id='word_1_272' title='bbox 817 3418 929 3460; x_wconf 92' lang='lat' dir='ltr'>eorum</span> <span class='ocrx_word' id='word_1_273' title='bbox 956 3395 988 3458; x_wconf 91' lang='lat' dir='ltr'>in</span> <span class='ocrx_word' id='word_1_274' title='bbox 1016 3393 1144 3472; x_wconf 90' lang='lat' dir='ltr'>somnis,</span> <span class='ocrx_word' id='word_1_275' title='bbox 1173 3408 1210 3457; x_wconf 89' lang='lat' dir='ltr'>ut</span> <span class='ocrx_word' id='word_1_276' title='bbox 1237 3395 1298 3459; x_wconf 94' lang='lat' dir='ltr'>sibi</span> 
     </span>
     <span class='ocr_line' id='line_1_32' title="bbox 147 3480 1300 3583; baseline -0.001 -37"><span class='ocrx_word' id='word_1_277' title='bbox 147 3480 329 3557; x_wconf 88' lang='lat' dir='ltr'>videbatur,</span> <span class='ocrx_word' id='word_1_278' title='bbox 358 3503 471 3545; x_wconf 88' lang='lat' dir='ltr'>vocem</span> <span class='ocrx_word' id='word_1_279' title='bbox 494 3482 722 3579; x_wconf 88' lang='lat' dir='ltr'>inquirentem,</span> <span class='ocrx_word' id='word_1_280' title='bbox 749 3506 805 3547; x_wconf 87' lang='lat' dir='ltr'>cur</span> <span class='ocrx_word' id='word_1_281' title='bbox 827 3482 871 3547; x_wconf 93' lang='lat' dir='ltr'>ibi</span> <span class='ocrx_word' id='word_1_282' title='bbox 895 3496 1083 3583; x_wconf 81' lang='lat' dir='ltr'>tenerentur</span> <span class='ocrx_word' id='word_1_283' title='bbox 1106 3481 1239 3556; x_wconf 89' lang='lat' dir='ltr'>inclusi;</span> <span class='ocrx_word' id='word_1_284' title='bbox 1264 3495 1300 3545; x_wconf 89' lang='lat' dir='ltr'>et</span> 
     </span>
     <span class='ocr_line' id='line_1_33' title="bbox 149 3566 1299 3653; baseline -0.003 -20"><span class='ocrx_word' id='word_1_285' title='bbox 149 3568 277 3653; x_wconf 86' lang='lat' dir='ltr'>adjecit,</span> <span class='ocrx_word' id='word_1_286' title='bbox 306 3567 451 3631; x_wconf 85' lang='lat' dir='ltr'>“Nolite</span> <span class='ocrx_word' id='word_1_287' title='bbox 419 3566 603 3645; x_wconf 89' lang='lat' dir='ltr'>ttimere,</span> <span class='ocrx_word' id='word_1_288' title='bbox 630 3591 693 3631; x_wconf 90' lang='lat' dir='ltr'>non</span> <span class='ocrx_word' id='word_1_289' title='bbox 718 3569 816 3632; x_wconf 92' lang='lat' dir='ltr'>modo</span> <span class='ocrx_word' id='word_1_290' title='bbox 841 3569 1031 3633; x_wconf 91' lang='lat' dir='ltr'>moriemini.</span> <span class='ocrx_word' id='word_1_291' title='bbox 1078 3567 1185 3632; x_wconf 90' lang='lat' dir='ltr'>Nocte</span> <span class='ocrx_word' id='word_1_292' title='bbox 1212 3568 1299 3631; x_wconf 91' lang='lat' dir='ltr'>enim</span> 
     </span>
     <span class='ocr_line' id='line_1_34' title="bbox 149 3654 1299 3815; baseline -0.002 -94"><span class='ocrx_word' id='word_1_293' title='bbox 149 3654 366 3721; x_wconf 88' lang='lat' dir='ltr'>translationis</span> <span class='ocrx_word' id='word_1_294' title='bbox 394 3654 502 3717; x_wconf 87' lang='lat' dir='ltr'>Sancti</span> <span class='ocrx_word' id='word_1_295' title='bbox 529 3655 698 3719; x_wconf 89' lang='lat' dir='ltr'>Cuthbert&#39;</span> <span class='ocrx_word' id='word_1_296' title='bbox 676 3668 711 3733; x_wconf 86' lang='lat' dir='ltr'>tr,</span> <span class='ocrx_word' id='word_1_297' title='bbox 730 3678 809 3815; x_wconf 59' lang='lat' dir='ltr'>311ae</span> <span class='ocrx_word' id='word_1_298' title='bbox 832 3678 916 3719; x_wconf 93' lang='lat' dir='ltr'>nunc</span> <span class='ocrx_word' id='word_1_299' title='bbox 939 3678 1041 3741; x_wconf 90' lang='lat' dir='ltr'>nuper</span> <span class='ocrx_word' id='word_1_300' title='bbox 1059 3654 1168 3718; x_wconf 85' lang='lat' dir='ltr'>futura</span> <span class='ocrx_word' id='word_1_301' title='bbox 1183 3668 1243 3733; x_wconf 89' lang='lat' dir='ltr'>est,</span> <span class='ocrx_word' id='word_1_302' title='bbox 1259 3655 1299 3719; x_wconf 94' lang='lat' dir='ltr'>li-</span> 
     </span>
    </p>
   </div>
   <div class='ocr_carea' id='block_1_7' title="bbox 148 3739 1301 4515">
    <p class='ocr_par' dir='ltr' id='par_1_8' title="bbox 148 3739 1299 4090">
     <span class='ocr_line' id='line_1_35' title="bbox 148 3739 1296 3821; baseline -0.002 -14"><span class='ocrx_word' id='word_1_303' title='bbox 148 3739 372 3807; x_wconf 89' lang='lat' dir='ltr'>berabimini</span> <span class='ocrx_word' id='word_1_304' title='bbox 359 3764 378 3804; x_wconf 91' lang='lat' dir='ltr'>a</span> <span class='ocrx_word' id='word_1_305' title='bbox 401 3741 533 3805; x_wconf 90' lang='lat' dir='ltr'>vinculis</span> <span class='ocrx_word' id='word_1_306' title='bbox 556 3741 680 3805; x_wconf 90' lang='lat' dir='ltr'>vestris.</span> <span class='ocrx_word' id='word_1_307' title='bbox 763 3742 829 3805; x_wconf 95' lang='lat' dir='ltr'>uod</span> <span class='ocrx_word' id='word_1_308' title='bbox 851 3765 924 3806; x_wconf 91' lang='lat' dir='ltr'>cum</span> <span class='ocrx_word' id='word_1_309' title='bbox 948 3742 1091 3807; x_wconf 87' lang='lat' dir='ltr'>videritis</span> <span class='ocrx_word' id='word_1_310' title='bbox 1115 3742 1201 3806; x_wconf 91' lang='lat' dir='ltr'>conti</span> <span class='ocrx_word' id='word_1_311' title='bbox 1225 3742 1296 3821; x_wconf 91' lang='lat' dir='ltr'>isse,</span> 
     </span>
     <span class='ocr_line' id='line_1_36' title="bbox 149 3768 1299 3928; baseline 0 -35"><span class='ocrx_word' id='word_1_312' title='bbox 149 3828 284 3894; x_wconf 86' lang='lat' dir='ltr'>viriliter</span> <span class='ocrx_word' id='word_1_313' title='bbox 307 3827 403 3913; x_wconf 89' lang='lat' dir='ltr'>agite,</span> <span class='ocrx_word' id='word_1_314' title='bbox 429 3842 462 3893; x_wconf 89' lang='lat' dir='ltr'>et</span> <span class='ocrx_word' id='word_1_315' title='bbox 485 3829 686 3893; x_wconf 88' lang='lat' dir='ltr'>confortetur</span> <span class='ocrx_word' id='word_1_316' title='bbox 708 3852 765 3893; x_wconf 89' lang='lat' dir='ltr'>cor</span> <span class='ocrx_word' id='word_1_317' title='bbox 779 3843 941 3894; x_wconf 76' lang='lat' dir='ltr'>vestrum:</span> <span class='ocrx_word' id='word_1_318' title='bbox 970 3843 1186 3928; x_wconf 80' lang='lat' dir='ltr'>exeuntesque</span> <span class='ocrx_word' id='word_1_319' title='bbox 1202 3768 1299 3893; x_wconf 61' lang='lat' dir='ltr'>lesti-</span> 
     </span>
     <span class='ocr_line' id='line_1_37' title="bbox 149 3915 1298 4019; baseline -0.001 -38"><span class='ocrx_word' id='word_1_320' title='bbox 149 3931 263 4001; x_wconf 89' lang='lat' dir='ltr'>uanter</span> <span class='ocrx_word' id='word_1_321' title='bbox 286 3917 327 3980; x_wconf 94' lang='lat' dir='ltr'>de</span> <span class='ocrx_word' id='word_1_322' title='bbox 351 3939 489 3994; x_wconf 87' lang='lat' dir='ltr'>carcere,</span> <span class='ocrx_word' id='word_1_323' title='bbox 515 3917 702 4019; x_wconf 82' lang='lat' dir='ltr'>Tynemudt</span> <span class='ocrx_word' id='word_1_324' title='bbox 690 3918 779 3981; x_wconf 89' lang='lat' dir='ltr'>tham</span> <span class='ocrx_word' id='word_1_325' title='bbox 802 3918 843 3981; x_wconf 92' lang='lat' dir='ltr'>ad</span> <span class='ocrx_word' id='word_1_326' title='bbox 863 3917 1031 3981; x_wconf 87' lang='lat' dir='ltr'>ecclesiam</span> <span class='ocrx_word' id='word_1_327' title='bbox 1050 3915 1159 3980; x_wconf 87' lang='lat' dir='ltr'>Sancti</span> <span class='ocrx_word' id='word_1_328' title='bbox 1176 3917 1298 3982; x_wconf 89' lang='lat' dir='ltr'>Oswini</span> 
     </span>
     <span class='ocr_line' id='line_1_38' title="bbox 148 3996 1299 4103; baseline 0.001 -36"><span class='ocrx_word' id='word_1_329' title='bbox 148 3996 330 4088; x_wconf 85' lang='lat' dir='ltr'>properate,</span> <span class='ocrx_word' id='word_1_330' title='bbox 356 4004 493 4102; x_wconf 88' lang='lat' dir='ltr'>Deoque</span> <span class='ocrx_word' id='word_1_331' title='bbox 517 4018 548 4067; x_wconf 93' lang='lat' dir='ltr'>et</span> <span class='ocrx_word' id='word_1_332' title='bbox 572 4004 631 4089; x_wconf 92' lang='lat' dir='ltr'>ipsi</span> <span class='ocrx_word' id='word_1_333' title='bbox 655 4027 714 4090; x_wconf 91' lang='lat' dir='ltr'>pro</span> <span class='ocrx_word' id='word_1_334' title='bbox 738 4006 843 4068; x_wconf 65' lang='lat' dir='ltr'>vestra</span> <span class='ocrx_word' id='word_1_335' title='bbox 866 4004 1040 4103; x_wconf 89' lang='lat' dir='ltr'>ereptione</span> <span class='ocrx_word' id='word_1_336' title='bbox 1045 4003 1164 4103; x_wconf 85' lang='lat' dir='ltr'>gratias</span> <span class='ocrx_word' id='word_1_337' title='bbox 1180 4005 1299 4088; x_wconf 90' lang='lat' dir='ltr'>agite’&#39;</span> 
     </span>
    </p>

    <p class='ocr_par' dir='ltr' id='par_1_9' title="bbox 148 4089 1301 4515">
     <span class='ocr_line' id='line_1_39' title="bbox 150 4089 1299 4177; baseline 0 -22"><span class='ocrx_word' id='word_1_338' title='bbox 150 4090 195 4155; x_wconf 87' lang='lat' dir='ltr'>Et</span> <span class='ocrx_word' id='word_1_339' title='bbox 217 4090 266 4152; x_wconf 90' lang='lat' dir='ltr'>his</span> <span class='ocrx_word' id='word_1_340' title='bbox 290 4089 394 4165; x_wconf 91' lang='lat' dir='ltr'>dictis,</span> <span class='ocrx_word' id='word_1_341' title='bbox 411 4090 576 4154; x_wconf 90' lang='lat' dir='ltr'>conticuit.</span> <span class='ocrx_word' id='word_1_342' title='bbox 622 4091 654 4155; x_wconf 95' lang='lat' dir='ltr'>Is</span> <span class='ocrx_word' id='word_1_343' title='bbox 671 4104 779 4155; x_wconf 89' lang='lat' dir='ltr'>autem</span> <span class='ocrx_word' id='word_1_344' title='bbox 795 4091 958 4177; x_wconf 84' lang='lat' dir='ltr'>evigilans,</span> <span class='ocrx_word' id='word_1_345' title='bbox 977 4090 1069 4154; x_wconf 90' lang='lat' dir='ltr'>sociis</span> <span class='ocrx_word' id='word_1_346' title='bbox 1086 4112 1158 4176; x_wconf 87' lang='lat' dir='ltr'>quae</span> <span class='ocrx_word' id='word_1_347' title='bbox 1175 4091 1299 4155; x_wconf 88' lang='lat' dir='ltr'>viderat</span> 
     </span>
     <span class='ocr_line' id='line_1_40' title="bbox 150 4174 1301 4262; baseline 0 -22"><span class='ocrx_word' id='word_1_348' title='bbox 150 4174 321 4241; x_wconf 81' lang='lat' dir='ltr'>enarravit.</span> <span class='ocrx_word' id='word_1_349' title='bbox 363 4177 406 4239; x_wconf 90' lang='lat' dir='ltr'>Et</span> <span class='ocrx_word' id='word_1_350' title='bbox 421 4177 577 4261; x_wconf 90' lang='lat' dir='ltr'>angustiis</span> <span class='ocrx_word' id='word_1_351' title='bbox 593 4178 703 4262; x_wconf 88' lang='lat' dir='ltr'>pressi,</span> <span class='ocrx_word' id='word_1_352' title='bbox 723 4179 831 4242; x_wconf 89' lang='lat' dir='ltr'>Deum</span> <span class='ocrx_word' id='word_1_353' title='bbox 848 4180 957 4242; x_wconf 90' lang='lat' dir='ltr'>omnia</span> <span class='ocrx_word' id='word_1_354' title='bbox 971 4200 1065 4261; x_wconf 86' lang='lat' dir='ltr'>posse</span> <span class='ocrx_word' id='word_1_355' title='bbox 1081 4178 1301 4257; x_wconf 62' lang='lat' dir='ltr'>confitentum</span> 
     </span>
     <span class='ocr_line' id='line_1_41' title="bbox 148 4263 1301 4349; baseline 0 -23"><span class='ocrx_word' id='word_1_356' title='bbox 148 4263 210 4327; x_wconf 94' lang='lat' dir='ltr'>hoc</span> <span class='ocrx_word' id='word_1_357' title='bbox 233 4277 343 4328; x_wconf 91' lang='lat' dir='ltr'>autem</span> <span class='ocrx_word' id='word_1_358' title='bbox 364 4264 414 4326; x_wconf 92' lang='lat' dir='ltr'>vel</span> <span class='ocrx_word' id='word_1_359' title='bbox 429 4265 526 4341; x_wconf 90' lang='lat' dir='ltr'>nolle,</span> <span class='ocrx_word' id='word_1_360' title='bbox 544 4264 639 4329; x_wconf 86' lang='lat' dir='ltr'>vel&#39;</span> <span class='ocrx_word' id='word_1_361' title='bbox 613 4288 666 4328; x_wconf 85' lang='lat' dir='ltr'>vrx</span> <span class='ocrx_word' id='word_1_362' title='bbox 681 4288 783 4349; x_wconf 92' lang='lat' dir='ltr'>posse,</span> <span class='ocrx_word' id='word_1_363' title='bbox 800 4264 907 4329; x_wconf 84' lang='lat' dir='ltr'>misen</span> <span class='ocrx_word' id='word_1_364' title='bbox 898 4264 1126 4349; x_wconf 42' lang='lat' dir='ltr'>Qprofitentur</span> <span class='ocrx_word' id='word_1_365' title='bbox 1172 4268 1301 4348; x_wconf 86' lang='lat' dir='ltr'>Angus-</span> 
     </span>
     <span class='ocr_line' id='line_1_42' title="bbox 149 4350 1300 4437; baseline 0.001 -24"><span class='ocrx_word' id='word_1_366' title='bbox 149 4350 203 4413; x_wconf 88' lang='lat' dir='ltr'>tiae</span> <span class='ocrx_word' id='word_1_367' title='bbox 227 4351 314 4415; x_wconf 90' lang='lat' dir='ltr'>enim</span> <span class='ocrx_word' id='word_1_368' title='bbox 337 4363 427 4414; x_wconf 88' lang='lat' dir='ltr'>erant</span> <span class='ocrx_word' id='word_1_369' title='bbox 450 4351 610 4437; x_wconf 83' lang='lat' dir='ltr'>undique3</span> <span class='ocrx_word' id='word_1_370' title='bbox 634 4365 668 4415; x_wconf 89' lang='lat' dir='ltr'>et</span> <span class='ocrx_word' id='word_1_371' title='bbox 691 4353 770 4437; x_wconf 93' lang='lat' dir='ltr'>quid</span> <span class='ocrx_word' id='word_1_372' title='bbox 793 4353 972 4429; x_wconf 91' lang='lat' dir='ltr'>crederent,</span> <span class='ocrx_word' id='word_1_373' title='bbox 997 4351 1199 4435; x_wconf 86' lang='lat' dir='ltr'>ignorabant.</span> <span class='ocrx_word' id='word_1_374' title='bbox 1248 4351 1300 4414; x_wconf 86' lang='lat' dir='ltr'>Ab</span> 
     </span>
     <span class='ocr_line' id='line_1_43' title="bbox 149 4436 1301 4515; baseline 0.002 -16"><span class='ocrx_word' id='word_1_375' title='bbox 149 4437 203 4501; x_wconf 93' lang='lat' dir='ltr'>illo</span> <span class='ocrx_word' id='word_1_376' title='bbox 227 4450 335 4503; x_wconf 89' lang='lat' dir='ltr'>tamen</span> <span class='ocrx_word' id='word_1_377' title='bbox 359 4436 412 4501; x_wconf 91' lang='lat' dir='ltr'>die</span> <span class='ocrx_word' id='word_1_378' title='bbox 435 4451 527 4502; x_wconf 90' lang='lat' dir='ltr'>erant</span> <span class='ocrx_word' id='word_1_379' title='bbox 548 4437 699 4504; x_wconf 85' lang='lat' dir='ltr'>fiduciam</span> <span class='ocrx_word' id='word_1_380' title='bbox 720 4439 900 4505; x_wconf 87' lang='lat' dir='ltr'>habentes</span> <span class='ocrx_word' id='word_1_381' title='bbox 893 4462 925 4502; x_wconf 89' lang='lat' dir='ltr'>m</span> <span class='ocrx_word' id='word_1_382' title='bbox 943 4438 1095 4515; x_wconf 90' lang='lat' dir='ltr'>Domino,</span> <span class='ocrx_word' id='word_1_383' title='bbox 1113 4450 1145 4502; x_wconf 88' lang='lat' dir='ltr'>et</span> <span class='ocrx_word' id='word_1_384' title='bbox 1165 4438 1301 4501; x_wconf 87' lang='lat' dir='ltr'>Sanctos</span> 
     </span>
    </p>
   </div>
   <div class='ocr_carea' id='block_1_8' title="bbox 0 0 1587 5159">
    <p class='ocr_par' dir='ltr' id='par_1_10' title="bbox 0 0 1587 5159">
     <span class='ocr_line' id='line_1_44' title="bbox 0 0 1587 5159; baseline 0 0"><span class='ocrx_word' id='word_1_385' title='bbox 0 0 1587 5159; x_wconf 95' lang='lat' dir='ltr'> </span> 
     </span>
    </p>
   </div>
  </div>
 </body>
</html>
