3142 5159
552 499 665 551 neers
691 497 902 549 nnmoauu
1255 482 1306 560 59

154 683 239 729 nem.
288 662 375 728 Nam
391 686 465 729 cum
479 661 609 749 publica
632 674 732 727 strata
746 672 872 746 pateret
887 663 987 739 eunti,
1003 672 1038 726 et
1063 658 1163 727 nichil
1176 662 1307 745 penitus

152 750 319 815 videretur
333 752 422 837 quod
432 752 531 836 juxta
544 753 702 816 rationem
717 750 891 814 humanam
906 751 1020 815 viantis
1035 748 1098 815 iter
1120 763 1228 834 posset
1243 753 1303 815 im·

153 838 276 924 pedire,
301 841 368 924 ipse
385 840 538 905 terminos
562 838 649 924 pacis
669 840 866 925 pertransire
887 837 1068 903 nullatenus
1091 838 1221 923 potuit3
1245 839 1303 904 sed

152 925 238 990 infra
253 928 340 1011 pacis
366 928 483 992 limites
499 929 562 992 huc
578 929 719 1012 illucque
741 926 953 1015 vagabundus
968 926 1107 992 errabat.
1152 925 1303 991 Tandem

154 1015 189 1077 in
210 1015 350 1102 quodam
375 1015 549 1101 hospitiolo
563 1015 648 1079 villae
666 1036 733 1080 sese
748 1014 915 1099 recipiens,
934 1014 1042 1099 posuit
1067 1012 1216 1078 tenebras
1232 1014 1304 1079 lati-

152 1102 267 1167 bulum
282 1126 396 1180 suum;
422 1105 478 1169 ubi
501 1126 544 1167 ex
565 1103 697 1168 levitate
712 1102 828 1180 vultos,
845 1115 879 1167 et
894 1102 1107 1169 inconstantia
1132 1104 1304 1167 verborum

155 1201 243 1255 etex
267 1202 375 1256 rerum
396 1194 540 1257 novitate
555 1214 633 1279 quas
649 1191 776 1268 tulerat,
794 1213 827 1254 se
854 1206 1037 1275 suspectum
1062 1189 1203 1254 reddidit
1218 1192 1304 1254 intu-

155 1279 302 1357 entibus3
327 1279 413 1345 unde
428 1294 462 1345 et
477 1280 627 1345 sedentes
649 1278 819 1343 servabant
835 1301 919 1357 eum,
937 1282 1041 1346 donec
1063 1278 1186 1366 aliquid
1201 1279 1242 1343 de
1265 1302 1305 1343 eo

155 1366 273 1431 certius
297 1367 339 1432 ad
370 1391 479 1432 earum
505 1367 702 1433 audientiam
725 1367 919 1451 perveniret.
967 1366 1066 1439 Quod
1092 1380 1124 1431 et
1149 1365 1304 1432 continuo

153 1454 275 1520 factum
302 1468 361 1521 est.
408 1457 488 1521 Erat
502 1459 589 1520 enim
614 1457 646 1519 in
668 1455 781 1520 eadem
804 1454 903 1519 domo
918 1454 1034 1519 mulier
1053 1456 1213 1541 quaedam,
1231 1479 1304 1543 quae

157 1542 336 1607 Baldewini
358 1556 463 1609 vestes
484 1544 636 1609 abluebat
656 1566 699 1607 ex
713 1564 824 1619 more3
869 1565 921 1606 uae
949 1542 1124 1607 manifestis
1146 1546 1304 1630 comperit

154 1631 289 1709 indiciis,
313 1632 463 1718 inspectis
488 1632 702 1710 feminalibus,
719 1630 824 1694 furem
848 1566 1029 1695 baldewini
1043 1631 1185 1696 vestibus
1207 1633 1303 1698 indu·

153 1731 248 1796 tum;
280 1733 313 1784 et
336 1721 446 1784 omnia
474 1743 548 1808 quae
577 1720 710 1797 viderat,
745 1718 932 1782 Baldewino
961 1719 1108 1803 protinus
1138 1720 1302 1790 indicavit.

157 1807 241 1872 Cum
255 1807 326 1872 haec
342 1809 483 1873 audisset
498 1808 669 1885 aurifaber,
687 1819 720 1871 et
733 1805 894 1870 sublatam
909 1826 1000 1870 suam
1023 1807 1240 1873 substanciam
1256 1821 1305 1873 at-

97 1940 102 1949 ·
154 1895 320 1973 tendisset,
337 1917 403 1959 non
419 1908 484 1960 tam
500 1918 606 1961 rerum
619 1895 832 1972 amissionem,
848 1917 916 1957 non
931 1907 997 1959 tam
1012 1894 1166 1959 damnum
1179 1896 1305 1960 illatum

155 2006 251 2069 quam
275 1986 424 2071 martyris
440 1985 618 2062 ecclesiam,
634 1983 669 2047 in
684 1981 871 2067 hujusmodi
885 1982 983 2046 verba
997 1983 1164 2068 prorupit;
1180 1983 1304 2062 dicens,

157 2081 179 2112 ‘⁶
193 2071 225 2136 O
244 2072 318 2136 Rex
333 2086 366 2137 et
392 2072 599 2138 Sanctissime
624 2070 755 2149 Marto,
771 2070 899 2156 dquam
910 2070 1058 2154 pluribus
1078 2070 1197 2134 celebri
1219 2072 1306 2136 fami

154 2159 308 2247 yulgante
333 2160 442 2238 didici,
470 2160 558 2248 quod
584 2160 672 2246 pacis
697 2171 763 2223 tuae
787 2157 961 2223 violatores
984 2180 1131 2245 arguere,
1147 2158 1306 2249 castigare

154 2247 329 2326 maleficos,
341 2260 375 2312 et
390 2250 579 2335 frequenter
590 2248 692 2312 soleas
703 2247 876 2312 emendare
892 2258 1074 2331 peccantes,
1086 2268 1144 2311 cur
1151 2249 1224 2333 paci
1240 2264 1307 2314 tuae

153 2335 445 2423 tantaminjuriam,
460 2359 517 2401 cur
526 2336 614 2415 mihi,
623 2335 678 2422 qui
689 2348 745 2400 tuo
758 2333 938 2418 specialiter
947 2357 1018 2398 sum
1028 2334 1202 2419 deputatus
1211 2338 1306 2403 obse-

156 2426 244 2512 quio,
262 2425 414 2488 damnum
429 2424 516 2490 istud
538 2425 674 2512 irrogari
688 2422 888 2507 permisisti?
931 2423 968 2488 Si
984 2444 1060 2486 vera
1075 2439 1162 2502 sunt,
1179 2449 1252 2512 quae
1265 2425 1306 2492 de

157 2528 200 2590 te,
218 2511 348 2589 Martir,
366 2512 485 2592 audivi,
502 2512 627 2577 videam
643 2533 755 2598 quaeso
777 2509 933 2575 ultionem
949 2524 1036 2574 tuam
1059 2510 1093 2574 iu
1108 2508 1171 2577 hoc
1186 2537 1307 2600 opere3

156 2599 215 2666 tibi
231 2601 318 2664 enim
333 2600 473 2665 revelavi
488 2623 617 2666 causam
635 2622 748 2676 meam,
768 2598 886 2662 Martir
909 2598 1115 2663 reverende.”
1163 2601 1248 2667 Cum
1263 2602 1305 2666 ad

156 2689 220 2753 huc
236 2690 267 2752 in
284 2690 423 2773 petentis
439 2689 538 2754 corde
553 2699 733 2753 versaretur
748 2687 863 2762 oratio,
875 2708 949 2751 ecce
960 2707 1072 2750 rumor
1080 2685 1208 2773 plenius
1219 2691 1306 2755 inso-

158 2778 239 2854 nuit,
257 2776 360 2840 furem
378 2777 518 2842 eundem
533 2776 565 2840 in
581 2775 657 2839 villa
667 2773 919 2860 deprehensum3
943 2786 977 2839 et
992 2797 1031 2838 ea
1046 2797 1118 2861 quae
1134 2777 1307 2843 sustulerat

157 2888 232 2929 cum
248 2865 431 2948 integritate
441 2879 633 2950 reportasse.
674 2863 771 2937 Quod
784 2861 917 2927 audiens
930 2861 1148 2941 Baldewinus,
1162 2888 1307 2950 assump-

158 2952 199 3017 tis
222 2952 387 3016 sodalibus
402 2953 459 3016 illo
481 2952 614 3017 festinus
637 2952 793 3027 accurrit3
817 2964 851 3015 et
866 2950 993 3035 egressa
1016 2951 1185 3029 sententia,
1201 2952 1308 3017 furem

158 3040 288 3126 publice
298 3042 480 3105 convictum
497 3054 529 3105 et
542 3039 722 3104 confessum
732 3038 969 3122 suspenderunt
978 3038 1011 3100 in
1021 3038 1178 3121 patibrdo,
1188 3040 1309 3104 facien-

157 3143 205 3194 tes
219 3129 250 3191 ei
266 3129 359 3192 sicuti
375 3128 458 3192 male
473 3141 585 3213 egerat
599 3127 751 3191 adversus
768 3126 878 3191 Deum
893 3136 924 3189 et
941 3126 1138 3210 proximum.
1187 3128 1306 3215 Sicque

162 3215 376 3293 Baldewinus,
398 3218 535 3301 receptis
560 3216 710 3280 omnibus
730 3238 804 3301 quae
819 3212 1016 3299 perdiderat,
1037 3212 1111 3278 Deo
1125 3228 1159 3279 et
1187 3216 1307 3282 Sancto

161 3303 299 3389 Martyri
324 3306 443 3391 gratias
471 3329 581 3391 agens,
603 3303 697 3368 laetus
718 3304 873 3367 remeavit
888 3302 930 3366 ad
954 3302 1104 3387 propriae
1129 3315 1162 3367 et
1187 3305 1306 3369 exinde

158 3391 283 3456 studuit
298 3392 331 3454 in
356 3392 448 3456 theca
465 3392 620 3478 Martyris
636 3391 762 3477 operari
786 3390 945 3468 subtilius,
962 3390 1046 3454 etin
1062 3389 1130 3475 ejus
1151 3392 1308 3481 obsequio

159 3480 307 3545 devotior
319 3478 461 3544 inveniri.
