3142 5159
615 506 854 563 cumnnn'rts

258 970 376 1061 [CAP.
399 968 951 1124 XXKJanlmmmm
976 976 1079 1041 moire
1099 982 1222 1041 coactio

659 1080 679 1122 v
772 1111 781 1127 .

289 1286 364 1353 Jam
378 1296 459 1351 nutu
476 1283 599 1351 Christi
612 1285 695 1352 fiunt
709 1309 787 1374 qnae
800 1286 1000 1372 proecinuisti
1015 1311 1024 1352 t

293 1376 377 1454 Rex,
393 1372 623 1463 primatesque,
639 1374 791 1441 monachi
801 1398 943 1463 quoque,
957 1374 1192 1465 pontificesque

295 1463 487 1541 Obsecrent
503 1461 645 1548 plorant,
662 1463 822 1552 adjurant,
838 1487 969 1550 prorsus
984 1479 1016 1530 et
1031 1477 1136 1544 orant,

295 1552 543 1638 curvanturque
557 1573 655 1635 genu,
671 1551 863 1640 quatiuntur
884 1552 1031 1639 supplice
1044 1554 1133 1622 fletu.

292 1639 359 1705 Vix
374 1639 416 1705 de
433 1638 562 1705 secretis
577 1651 612 1704 et
627 1638 715 1706 dulci
730 1640 806 1705 sede
821 1638 938 1726 quietis

292 1728 353 1806 Te,
368 1740 472 1816 pater,
484 1740 676 1807 extractum,
690 1750 847 1815 curasque
862 1727 971 1792 subire
985 1743 1132 1795 coactum

294 1815 389 1881 Fletu
404 1816 570 1902 perfusum
580 1819 712 1903 rapiunt
726 1817 863 1903 pastoris
878 1814 920 1881 cd
935 1838 1037 1880 usum.

292 1904 365 1969 Jom
380 1904 501 1990 praesul
523 1904 638 1983 factus,
655 1927 847 1992 superornas
862 1904 1007 1991 praesulis
1022 1918 1136 1982 ectus3

295 1993 412 2058 Factor
427 1992 620 2081 adimplesti,
637 2017 710 2082 quae
726 1994 843 2059 doctor
857 1994 967 2058 dicere
984 1996 1100 2059 suesti:

296 2080 367 2146 Nec
382 2080 538 2147 lucrando
553 2104 669 2167 parum
684 2082 755 2149 zelo
770 2080 875 2147 ferves
891 2082 1082 2162 animarum,

296 2169 426 2235 Perstas
439 2170 521 2235 ordo
536 2171 656 2259 gregis,
673 2170 850 2257 speculum,
867 2170 929 2250 via,
945 2168 1059 2260 regula
1073 2171 1162 2257 legis,

298 2256 375 2321 Lux
390 2271 423 2323 et
437 2258 499 2323 iter
513 2280 652 2337 morum,
670 2259 756 2325 scala
772 2261 867 2347 juris,
883 2258 942 2325 lux
964 2259 1157 2340 animorum,

295 2346 420 2411 Doctor
435 2345 624 2426 honestatis,
642 2361 750 2413 custos
766 2363 800 2413 et
816 2348 1010 2428 sobrietatis,

295 2432 433 2499 Justitiae
448 2432 564 2513 forma,
582 2435 725 2522 rectique
748 2434 919 2500 sacerrima
933 2459 1071 2511 norma3

299 2521 402 2587 Exem
426 2521 493 2587 lum
509 2525 636 2611 cuique,
649 2524 827 2589 monachus
842 2521 987 2608 persistis
999 2525 1137 2612 ubiqne3

301 2608 350 2675 Ut
366 2545 452 2675 soiits
467 2612 604 2697 pridem,
622 2611 668 2677 sic
683 2613 787 2678 turbis
802 2612 924 2676 mixtus
940 2625 972 2677 et
987 2611 1095 2687 idem3

300 2698 373 2767 Stas
387 2701 577 2782 monachus,
590 2701 692 2782 vultu,
708 2701 784 2781 vita,
801 2701 913 2779 verbo,
930 2699 1024 2789 dape,
1040 2699 1140 2765 cultu'

255 3156 375 3243 [CAR
390 3158 679 3243 XXVln-Qod
692 3162 848 3225 interitum
861 3160 1013 3244 Ecstsrt'di
1027 3160 1110 3241 repis
1122 3158 1230 3223 absent

570 3252 605 3313 in
618 3252 734 3332 spiritu
745 3251 907 3331 aquom

303 3478 354 3546 ‚Ut
369 3476 527 3565 praedicta
542 3475 620 3540 satis
635 3474 754 3540 fierent
769 3473 903 3539 oracula
917 3473 1010 3547 vatis,

304 3568 381 3632 Rex
395 3586 469 3630 cum
484 3574 626 3629 vastaret
651 3562 771 3640 Pictos,
788 3561 986 3647 miserosque
1000 3568 1139 3633 necaret,

304 3655 382 3733 Hic,
400 3654 648 3730 circumventus,
665 3650 725 3714 fuit
740 3671 818 3714 ense
833 3649 961 3712 furente
976 3656 1172 3731 peremptus.

304 3743 358 3809 Tu
375 3742 481 3807 multis
497 3761 607 3805 coram
622 3738 753 3827 signasti
768 3738 889 3801 funeris
905 3735 1019 3799 horam
1033 3757 1041 3809 3

309 3832 465 3906 Quamvis
481 3829 658 3894 multorum
675 3826 807 3892 distares
830 3826 896 3889 fine
911 3824 1079 3889 locorum:

306 3919 416 3997 Quam
431 3918 519 3984 dicas
532 3940 642 3983 verum
659 3927 817 3981 testantur
832 3914 946 3978 nuntia
960 3934 1087 3987 rerum3

305 4009 391 4074 Nam
407 4031 473 4094 quo
487 4017 651 4071 momento
662 4028 721 4069 rex
736 4003 879 4069 concidit
894 4026 970 4069 ense
986 4012 1122 4066 cruento

308 4096 446 4161 Pectore
462 4118 558 4185 quam
571 4093 654 4160 tristi
666 4105 841 4179 praesentes
858 4113 927 4155 rem
942 4088 1088 4154 docuisti.

306 4185 356 4252 Ut
370 4183 508 4263 videam,
520 4204 612 4270 pure,
628 4180 705 4246 vitae
717 4192 841 4246 secreta
856 4179 973 4243 futures

308 4273 362 4340 Ex
377 4274 446 4340 acie
461 4272 570 4340 cordis
585 4268 675 4361 quod
697 4268 782 4335 inest
796 4265 951 4353 depellito
967 4265 1081 4333 sordis.
