3142 5159
246 448 313 517 '18
712 466 803 515 vrrs
833 466 972 515 oswrxr

266 628 376 694 modio
398 628 606 693 recluserunt.
665 626 767 691 Porro
789 648 830 691 ne
854 649 911 690 nos
934 626 1091 691 consimili
1114 626 1250 714 impetiti
1272 627 1427 706 crimine,

266 715 479 781 damnationis
500 716 600 799 justae
629 714 839 798 percellamur
873 712 1040 792 sententia,
1064 716 1092 777 si
1122 715 1314 779 tacuerimus
1344 739 1427 803 quae

268 802 416 879 vidimus,
430 802 480 866 vel
492 824 564 888 quae
576 800 718 866 veridico
733 801 837 865 relatu
847 799 1027 865 audivimus
1046 801 1156 865 Sancti
1164 801 1329 879 miracula,
1340 825 1426 867 ecce

269 891 301 953 in
317 912 416 953 unum
431 910 546 974 corpus
556 888 743 973 colligimus,
758 902 824 953 tarn
836 910 910 973 quoe
920 887 1038 972 scripta
1053 901 1128 952 sunt
1143 902 1219 953 ante
1234 910 1303 966 nos,
1321 912 1424 976 quarn

269 1000 343 1064 quae
355 974 534 1060 scripsimus
550 998 620 1052 nos,
636 974 744 1039 Sancti
767 974 865 1058 Regis
880 974 989 1059 sigua:
1014 987 1050 1039 ut
1068 975 1151 1039 sicut
1166 975 1183 1039 ὲ
1203 976 1335 1062 speculo
1353 999 1424 1039 non
1441 1040 1445 1047 ,

269 1086 432 1151 nunquam
448 1075 686 1148 representatur
701 1061 788 1147 prius
804 1060 932 1124 minime
947 1060 1015 1126 visa
1030 1061 1148 1147 imago,
1164 1061 1209 1127 sic
1232 1086 1276 1126 ex
1290 1064 1426 1127 mirabi-

268 1151 352 1217 libus
367 1172 425 1236 per
445 1151 599 1214 Sanctum
616 1148 791 1213 immutatis
807 1148 985 1213 innotescat
1004 1150 1113 1213 Sancti
1125 1150 1285 1228 meritum,
1303 1150 1421 1213 nullius

268 1238 434 1323 scriptume
456 1236 614 1301 beneficio
629 1234 720 1320 plene
736 1234 779 1299 ad
793 1258 851 1299 nos
866 1234 1064 1299 devolutum.
1123 1236 1232 1301 Multa
1246 1237 1363 1323 quippe
1388 1252 1422 1300 et

269 1346 386 1408 magna
400 1323 518 1387 celebri
535 1322 629 1386 laude
652 1322 749 1407 digna
771 1321 899 1399 meruit,
917 1321 971 1408 qui
988 1322 1089 1386 multa
1104 1336 1137 1387 et
1152 1322 1296 1387 inaudita
1309 1324 1423 1387 landa-

268 1410 347 1474 bilia
370 1409 488 1474 cotidie
512 1408 600 1473 lacit.
650 1408 758 1473 Sancti
780 1407 1020 1473 Melchisedech
1042 1408 1191 1496 frequens
1215 1422 1265 1475 est
1287 1411 1320 1473 in
1342 1433 1420 1495 pro-

270 1496 377 1583 phetis
392 1496 523 1573 mentio,
541 1510 574 1559 et
590 1496 705 1559 sanctis
728 1495 949 1559 sacerdotibus
964 1496 1154 1580 proponitur
1168 1497 1288 1562 ordinis
1303 1497 1419 1574 forma,

271 1585 362 1671 cujus
385 1583 450 1647 vita
473 1582 560 1647 nullo
583 1582 700 1667 legitur
718 1583 842 1647 calamo
857 1596 1010 1658 exarata3
1034 1598 1068 1645 et
1083 1583 1138 1669 qui
1152 1606 1277 1647 morum
1294 1598 1342 1648 est
1356 1584 1424 1646 dis-

272 1669 399 1757 ciplina,
418 1670 459 1735 de
481 1668 622 1738 moribus
638 1673 705 1757 ejus
724 1669 813 1733 nulla
827 1682 876 1734 est
892 1668 1038 1733 instituta
1052 1670 1228 1755 disciplina.
1278 1672 1315 1735 In
1329 1671 1420 1734 nullo

271 1772 379 1823 tamen
399 1758 535 1842 derogat
558 1757 626 1840 ejus
650 1756 835 1821 auctoritati
850 1756 963 1820 raritas
979 1756 1099 1841 scripti,
1117 1780 1189 1820 cum
1207 1757 1301 1822 Dens
1320 1759 1421 1822 Pater

267 1844 425 1931 juraverit
440 1844 548 1909 dicens
568 1844 594 1907 F
594 1844 659 1914 ilio,
687 1844 770 1907 “Tu
789 1865 823 1907 es
837 1844 986 1907 sacerdos
1002 1842 1034 1905 in
1051 1857 1219 1923 aeternum,
1241 1846 1421 1909 secundum

272 1933 417 1996 ordinem
435 1930 705 1995 Melchisedech.’'
753 1930 893 2014 Magnus
930 1930 1027 2015 uippe
1044 1930 1114 2009 suit,
1131 1934 1221 2016 cujus
1238 1933 1319 1996 ordo
1333 1933 1422 1995 ordi-

272 2019 320 2083 nis
339 2018 437 2083 Cristi
448 2018 552 2081 forma
574 2016 645 2095 fuit,
664 2016 744 2081 etin
767 2016 886 2081 ordinis
902 1953 1104 2081 dhservantia
1118 2020 1265 2082 omnihus
1280 2019 1421 2119 antiquis

271 2104 417 2190 patribus
432 2104 583 2188 praelatus
599 2117 658 2181 est,
676 2102 730 2189 qui
747 2104 894 2169 omnibus
913 2104 1037 2169 Sanctis
1056 2104 1089 2167 iu
1108 2105 1215 2170 Cristo
1230 2120 1421 2191 proeposrtus

274 2204 321 2256 est
338 2190 522 2254 imitandus.
571 2189 623 2253 Sic
647 2212 780 2273 magnus
804 2204 854 2255 est
870 2209 903 2255 et
918 2190 1086 2255 laudabilis
1102 2192 1204 2270 nimis,
1222 2196 1312 2279 cujus
1327 2194 1426 2258 meri-

272 2291 341 2342 tum
364 2277 424 2341 etsi
448 2275 614 2361 dispendia
636 2275 739 2339 laudis
762 2281 895 2342 senserit
916 2278 1124 2365 antiquorum
1138 2280 1277 2357 silentio,
1295 2280 1422 2364 experi-

273 2376 385 2429 mento
415 2364 464 2428 sui
494 2376 601 2427 tamen
633 2363 776 2443 exhibet,
808 2365 928 2430 efficaci
959 2366 1121 2449 signorum
1148 2380 1182 2429 et
1211 2367 1421 2451 prodigorum

266 2452 414 2553 eloquio.
460 2450 564 2535 Igitur
590 2450 743 2515 lectorem
774 2474 952 2529 monemus,
984 2455 1132 2540 quatinus
1164 2455 1239 2517 vitae
1269 2454 1421 2519 metiatur

273 2540 491 2604 sullimitatem
525 2538 688 2623 signorum
717 2538 996 2603 innumerabilium
1035 2539 1233 2618 celsitudine,
1261 2555 1295 2604 et
1319 2542 1419 2626 magis

273 2627 382 2691 credat
399 2626 492 2690 oculo
508 2625 597 2709 signa
613 2625 760 2703 videntis,
778 2649 874 2713 quam
896 2627 1019 2690 calamo
1042 2627 1154 2690 scrihae
1169 2650 1226 2711 per
1237 2629 1418 2713 neglectum

178 2770 180 2777 .
273 2712 405 2777 incuriae
428 2735 495 2776 non
526 2733 688 2797 nunquam
716 2734 793 2776 vera
819 2713 1054 2776 dissimulantis.
1105 2710 1225 2778 Oculus
1253 2716 1370 2801 quippe
1392 2716 1419 2779 si

273 2800 409 2885 simplex
425 2799 611 2874 l'ue1·it‚uon
626 2795 744 2883 poterit
760 2800 812 2863 vel
833 2800 956 2887 fingere
971 2822 1045 2885 quae
1060 2823 1125 2863 non
1141 2800 1267 2879 viderit,
1285 2804 1420 2867 reticere

273 2910 350 2951 vera
376 2908 449 2974 quae
473 2885 601 2955 uiderit.
665 2885 776 2951 Scriba
800 2884 878 2950 verb
894 2886 949 2973 qui
972 2886 1004 2950 in
1020 2887 1117 2951 corde
1133 2902 1166 2952 et
1181 2889 1279 2953 corde
1294 2890 1419 2954 locutus

272 2974 380 3052 fuerit,
398 2972 474 3061 quia
495 2973 676 3037 inconstans
700 2986 749 3037 est
770 2974 887 3053 animo,
905 2974 1045 3038 mendax
1061 2974 1157 3037 estin
1173 2976 1285 3038 calami
1302 2976 1416 3055 officio,

272 3062 324 3211 piel
340 3061 464 3124 invidus
480 3060 512 3123 in
528 3060 664 3136 silentio,
679 3059 731 3124 vel
747 3075 919 3148 utrumque
934 3061 967 3125 in
982 3074 1131 3148 utroque,
1149 3074 1182 3126 et
1198 3062 1273 3127 ideo
1288 3064 1422 3128 creden·

298 3171 332 3212 us
350 3148 446 3212 estin
463 3158 589 3209 neutro.

276 3411 375 3477 CAP.
396 3409 654 3491 VL--Iecepiunt
674 3413 828 3474 miracula
849 3431 920 3493 quae
935 3421 1008 3493 post
1028 3415 1240 3478 revelationem
1257 3418 1344 3478 sacri
1356 3435 1423 3479 cor·

356 3501 447 3581 poris
468 3498 534 3581 ejus
551 3518 610 3579 per
632 3518 699 3561 eum
710 3500 807 3579 sacta
830 3508 1044 3562 memorantur.
1089 3501 1130 3562 Im
1146 3505 1272 3580 primis,
1289 3505 1378 3583 quali

360 3587 470 3665 capilli
484 3588 549 3666 ejus
564 3588 597 3647 iu
612 3588 682 3665 ipae
690 3586 863 3664 probanda
873 3589 997 3649 vinetis
1011 3606 1076 3649 succ
1086 3590 1194 3668 pratia
1205 3593 1310 3669 positi,
1327 3590 1422 3653 ambil

359 3675 565 3752 corruptionis
580 3674 650 3735 inde
663 3675 871 3735 sustinuerint.

322 3846 540 3930 Cumqueper
555 3843 735 3907 universam
753 3842 1098 3931 Nordhanymbrorum
1121 3848 1315 3931 provinciam
1330 3871 1422 3913 reve·

238 3966 240 3971 ·
274 3933 361 3999 landi
375 3930 484 3995 Sancti
494 3930 635 4013 corporis
648 3929 778 4015 gloriosi
789 3931 956 4017 Deyorum
970 3934 1068 4018 Regis
1078 3947 1112 3997 et
1126 3935 1279 4023 Martyris
1288 3935 1418 4013 Oswini,

262 4020 307 4085 'in
333 4018 467 4083 ecclesiis
492 4018 598 4081 beatae
625 4017 690 4082 Dei
716 4019 887 4101 genetricis
915 4021 1043 4085 Sanctae
1070 4021 1209 4106 Virginis
1238 4023 1353 4087 Mariae
1380 4022 1420 4087 de

278 4104 509 4193 Tynemudtha
530 4104 616 4169 fama
642 4106 886 4190 percrebuisset,
905 4107 1142 4195 Thostiumqne
1164 4106 1315 4174 colnitem
1339 4111 1421 4197 ejus-

276 4196 349 4259 dem
360 4191 544 4279 provinciae,
557 4193 658 4257 filiurn
674 4193 823 4257 Godwini
834 4194 922 4258 ducis
935 4195 1071 4271 Cantiae,
1085 4198 1248 4282 quomodo
1257 4196 1420 4261 decentius

274 4284 308 4347 id
323 4284 427 4357 fieret,
449 4278 649 4363 AEgelwinus
667 4280 890 4345 Dunelmensis
910 4282 1076 4366 episcopus
1091 4284 1312 4363 consuluisset,
1329 4284 1420 4356 multi

274 4369 418 4449 fidelium
434 4366 476 4431 ad
491 4368 596 4430 locum
611 4367 819 4454 requietionis
834 4370 903 4453 ejus
919 4368 1116 4449 festinantes,
1134 4384 1224 4435 tanto
1239 4372 1420 4457 spectaculo

275 4456 356 4522 votis
373 4453 521 4520 omnibus
537 4455 690 4521 interesse
701 4455 884 4540 cupiebant.
903 4498 907 4505 ι
921 4456 1065 4541 Contigit
1080 4471 1189 4524 sutem
1204 4473 1241 4524 ut
1254 4458 1424 4526 Comitissa
