3142 5159
244 496 266 567 8
657 496 660 501 ’
690 476 789 567 vrrs
812 512 950 560 oswrm

245 674 340 741 eausa
354 696 431 750 esse,
445 672 508 737 suis
523 672 629 756 potius
645 696 741 759 quam
753 672 813 738 sibi
827 673 999 758 parcendo,
1016 672 1069 758 pie
1085 674 1265 754 consulens,
1279 675 1323 739 sic
1340 699 1397 740 eos

245 760 430 849 alloquitur.
470 771 492 801 ‘⁶
508 761 725 845 Congratulor
740 761 882 848 quidem,
900 785 920 825 o
936 762 1079 825 fidissimi
1093 763 1252 849 principes
1267 776 1301 827 et
1316 778 1399 827 stre-

246 849 388 913 nuissimi
404 847 533 926 milites,
549 861 662 913 vestrae
678 847 800 913 militiae
815 860 849 912 et
863 848 1028 933 probitati,
1046 852 1213 935 etgratias
1228 874 1291 935 ago
1301 852 1398 915 bonae

247 959 326 1020 erga
339 960 392 1001 me
409 948 524 1000 vestrae
541 935 708 999 voluntati.
755 936 821 999 Sed
836 935 919 1000 absit
935 935 953 999 a
968 960 1029 1013 me,
1047 950 1083 1000 ut
1098 938 1162 1003 mei
1177 940 1275 1011 solius
1290 939 1397 1015 causa,

247 1023 326 1089 belli
337 1022 506 1089 discrimen
515 1020 691 1108 periculose
704 1022 834 1109 quidem
844 1045 956 1087 omnes
966 1024 1145 1103 incurratis,
1157 1026 1212 1113 qni
1223 1047 1275 1090 me
1288 1048 1399 1113 quam-

247 1134 346 1197 quam
365 1112 438 1195 jure
454 1110 631 1186 dominum,
648 1131 824 1195 pauperem
841 1125 948 1175 tamen
972 1124 1005 1176 et
1027 1111 1157 1177 exulem
1180 1135 1292 1197 regem
1308 1113 1398 1177 vobis

248 1195 469 1263 constituistis.
517 1197 607 1262 Malo
628 1197 736 1282 itaque
756 1196 839 1260 sicut
857 1197 1014 1263 hactenus
1034 1199 1089 1263 ubi
1109 1200 1165 1265 ubi
1183 1222 1257 1264 cum
1276 1199 1398 1285 paucis,

248 1288 301 1350 vel
321 1288 418 1363 solus,
441 1285 593 1358 exulare3
614 1283 712 1347 immo
735 1283 842 1369 potius
861 1284 962 1375 diligo
981 1286 1073 1364 mori,
1094 1309 1191 1375 quam
1214 1310 1271 1350 vos
1294 1298 1343 1351 tot
1365 1300 1400 1351 et

248 1375 329 1438 tales
349 1373 412 1437 mei
428 1372 524 1435 solius
544 1370 638 1435 causa
657 1370 822 1455 contingat
842 1394 975 1459 quoquo
991 1374 1089 1438 modo
1104 1372 1293 1460 periclitari:
1337 1375 1401 1437 Im-

248 1460 319 1544 pius
339 1460 425 1525 enim
444 1472 477 1523 et
496 1458 687 1522 inhumanus
709 1470 768 1536 est,
786 1457 930 1545 quicum
946 1460 1011 1525 Dei
1022 1461 1181 1544 judicium
1197 1461 1286 1525 nullo
1302 1462 1400 1524 modo

249 1548 351 1631 possit
369 1558 527 1623 avertere,
545 1545 651 1630 plures
671 1544 720 1608 sui
739 1547 836 1609 causa
854 1561 989 1612 conatur
1008 1561 1165 1613 evertere.
1215 1549 1324 1623 Quare
1341 1571 1402 1632 ego

250 1634 390 1700 divinam
402 1655 497 1718 super
506 1655 558 1697 me
570 1631 761 1697 sententiam
773 1632 935 1717 pacificus,
946 1658 1010 1698 non
1018 1636 1250 1719 belligerando,
1264 1636 1403 1700 libenter

251 1724 457 1808 amplectens,
479 1743 550 1785 eum
566 1742 624 1805 per
639 1743 676 1784 os
696 1720 805 1785 Sancti
820 1721 980 1805 pontificis
999 1723 1126 1809 Aydani
1142 1746 1199 1809 per
1215 1721 1403 1808 martyrium

251 1812 295 1877 ad
313 1810 449 1875 caelestis
464 1807 583 1893 gaudia
597 1806 688 1891 regni
703 1830 753 1872 mc
768 1808 978 1873 transiturum
991 1832 1143 1893 agnosco,
1160 1834 1224 1897 quo
1240 1809 1352 1874 ordine
1367 1822 1403 1873 et

252 1916 398 1983 tempore
421 1896 544 1961 Cristus
562 1894 711 1972 voluerit,
732 1895 830 1959 vitam
851 1897 1061 1977 temporalem
1077 1898 1169 1963 finire
1189 1920 1253 1961 non
1277 1919 1403 1961 recuso.

257 1985 420 2070 Scriptum
440 1984 558 2071 quippe
578 1994 639 2059 est,
663 1981 877 2047 “Constituit
897 1983 1058 2048 Dominus
1078 1985 1231 2049 terminos
1250 1988 1330 2071 ejus,
1347 1982 1404 2071 qui

252 2071 411 2159 praeteriri
429 2093 493 2135 non
516 2081 669 2153 poterunt
680 2070 708 2131 :''
732 2068 830 2133 Unde
850 2081 948 2153 poeta
966 2070 1062 2150 canit,
1086 2073 1195 2136 “Stat
1214 2093 1272 2136 sua
1287 2070 1404 2157 cuique

254 2159 352 2223 dies.”
399 2156 507 2221 Nemo
519 2156 605 2222 diem
617 2155 728 2220 mortis
741 2155 914 2241 anticipare
927 2158 1023 2223 valet.
1071 2158 1221 2223 Praeterit
1236 2171 1270 2223 et
1285 2158 1402 2234 nullus,

253 2247 313 2310 sed
332 2244 442 2331 quavis
462 2243 531 2331 quis
551 2244 630 2320 obit,
653 2242 770 2306 dicitur
789 2266 859 2308 esse
878 2246 966 2310 sud?
1018 2242 1137 2310 Videus
1156 2258 1265 2310 autem
1280 2243 1406 2309 exerci-

253 2349 306 2401 tus
326 2330 521 2397 Sanctissimi
536 2331 584 2395 sui
603 2329 700 2415 Regis
716 2343 749 2394 et
765 2329 886 2394 domini
901 2331 1072 2396 mentema
1081 2333 1248 2418 proposito
1259 2330 1405 2396 revocari

253 2444 318 2485 non
334 2442 438 2504 posse,
456 2418 532 2505 quin
548 2417 678 2483 dissolvi
690 2430 822 2501 cuperet
834 2431 952 2483 etcum
968 2419 1075 2485 Cristo
1087 2420 1207 2498 vivere,
1221 2421 1288 2484 alto
1299 2419 1405 2483 cordis

253 2508 386 2573 vulnere
405 2504 538 2573 sanciati
557 2504 750 2571 unanimiter
771 2505 839 2588 ejus
855 2507 989 2590 genibus
1005 2508 1248 2591 provolvuntur,
1266 2506 1343 2570 talia
1357 2505 1408 2568 di-

253 2608 373 2672 centes
399 2595 553 2658 Sanctum
572 2616 645 2658 cum
665 2592 793 2657 fletibus
813 2605 917 2657 orant.
964 2604 986 2635 “
1001 2594 1032 2658 Ο
1050 2617 1110 2658 rex
1125 2594 1266 2679 insignis,
1284 2616 1305 2657 o
1320 2593 1404 2677 regis

254 2682 384 2749 nomine
416 2682 542 2768 dignus,
574 2680 666 2745 nobis
694 2678 832 2763 indignis
859 2681 997 2765 petimus
1024 2704 1108 2745 nunc
1139 2696 1209 2745 esto
1234 2680 1404 2765 benignus.

255 2768 412 2856 Nunquid
437 2790 493 2831 nos
520 2769 651 2851 ignavos
674 2779 730 2829 aut
753 2766 929 2849 degeneres
952 2768 1123 2853 aliquando
1145 2767 1342 2853 repperisti?
1365 2789 1406 2830 au

255 2855 458 2941 apparuimus
477 2854 594 2918 alicubi
611 2854 646 2917 iu
661 2852 816 2916 ‚conflictu
835 2853 953 2917 bellico
968 2855 1152 2921 tardiores?
1174 2855 1316 2919 hostiurn
1331 2876 1406 2939 pro·

254 2944 343 3009 fecto
363 2964 482 3008 cuneos
497 2941 615 3019 securi,
631 2962 776 3025 persaepe
796 2941 1044 3023 penetravimus.
1091 2942 1299 3027 Liceat'ergo
1314 2940 1405 3005 nobis

255 3054 329 3099 cum
352 3030 496 3095 hostibus
522 3030 671 3093 instantis
696 3026 877 3092 certaminis
904 3027 986 3093 inire
1011 3028 1205 3108 conflictum,
1234 3043 1268 3093 et
1295 3029 1327 3092 in
1351 3050 1406 3093 ore

256 3118 355 3202 gladii
377 3140 538 3203 perversae
557 3116 665 3181 aetatis
684 3113 792 3177 rimari
807 3114 929 3179 viscera
946 3117 1052 3193 ferro;
1074 3115 1100 3178 si
1115 3117 1250 3181 fortasse
1266 3116 1358 3179 nobis
1374 3115 1407 3177 in

255 3205 366 3291 pugna
392 3201 516 3267 sinistre
538 3201 682 3279 cesserit,
707 3200 820 3265 melius
839 3215 893 3265 est
914 3204 1007 3268 nobis
1030 3202 1112 3267 mori
1134 3203 1167 3267 in
1192 3204 1291 3281 bello,
1313 3224 1409 3289 quam

254 3292 345 3377 apud
364 3291 477 3374 vulgus
497 3289 617 3353 domini
636 3288 816 3353 desertores
833 3289 869 3352 in
889 3291 1061 3375 proverbio
1076 3290 1234 3354 cantitari.
1283 3290 1318 3353 Si
1334 3311 1410 3353 vero

257 3381 370 3463 sugam
388 3377 471 3441 inire
498 3376 666 3461 delegeriS,
695 3375 915 3457 degenerabis.
969 3377 1083 3441 Sinos
1107 3376 1207 3441 dereli
1231 3378 1325 3454 ueris,
1351 3398 1410 3439 nos

254 3482 411 3551 tanquam
426 3464 473 3535 rei
488 3464 663 3549 majestatis
674 3462 908 3547 proscriptione
920 3465 1153 3529 damnabimur.
1193 3401 1289 3527 rinno
1301 3475 1411 3528 autem

254 3554 333 3642 quia
348 3554 436 3617 salva
451 3564 525 3617 sunt
540 3550 599 3615 tibi
613 3549 745 3635 praemia
760 3562 827 3628 tua,
844 3550 877 3613 in
892 3551 955 3615 hoc
970 3552 1069 3615 nostri
1084 3552 1222 3636 petimus
1234 3549 1412 3615 miserearis

259 3664 301 3707 ne
320 3664 377 3705 nos
397 3640 554 3704 deseras.”
605 3638 740 3701 Sanctus
760 3638 803 3701 ad
820 3638 902 3703 baec.
950 3650 970 3681 ‘⁴
984 3640 1015 3704 O
1035 3638 1179 3702 fidissimi
1197 3638 1325 3715 milites,
1344 3659 1413 3700 ves-

261 3748 320 3794 trae
336 3728 466 3813 quidem
481 3724 634 3811 probitati
649 3725 865 3809 congratulor,
878 3738 1035 3811 qnantum
1050 3749 1107 3790 vos
1118 3726 1219 3789 fortes
1231 3726 1263 3788 in
1276 3724 1363 3789 bello
1378 3736 1412 3786 et

256 3813 494 3881 strenuissimos
509 3834 654 3897 persaepe
668 3811 785 3895 reperi,
802 3822 837 3874 et
851 3812 949 3876 nichil
961 3813 1061 3876 estin
1077 3813 1167 3876 vobis
1184 3811 1342 3876 tarditatis
1355 3822 1413 3874 aut

258 3902 397 3987 ignaviae
412 3901 499 3987 quod
513 3898 612 3984 possit
629 3911 684 3962 aut
697 3898 819 3961 debeat
834 3900 1036 3983 reprebendi.
1079 3900 1145 3964 Sed
1159 3923 1216 3962 vos
1232 3898 1332 3963 hostis
1347 3920 1413 3961 non

257 3988 474 4076 persequitur.
528 3986 599 4070 Ego
628 4008 697 4051 sum
720 4008 821 4050 causa
846 3986 1047 4052 discriminis.
1100 3986 1243 4071 Expedit
1270 4008 1348 4069 ergo
1376 3997 1428 4047 ut·

261 4098 342 4141 uuus
360 4075 517 4139 moriatur
534 4096 595 4159 pro
608 4073 741 4157 populo,
763 4074 858 4160 quam
879 4087 915 4137 ut
933 4074 1070 4159 populns
1087 4086 1186 4138 tantae
1202 4071 1413 4137 multitudinis

260 4165 406 4229 deleatur
428 4184 487 4246 pro
507 4184 595 4225 uno:
618 4160 797 4245 prasertim
813 4182 886 4224 cum
906 4161 984 4224 mihi
1006 4161 1130 4225 scierim
1151 4160 1334 4224 mercedem
1349 4159 1415 4243 ple-

257 4274 334 4317 nam
350 4272 419 4314 esse
434 4248 617 4334 repositam,
631 4270 782 4311 coronam
798 4247 919 4312 scilicet
934 4248 1089 4333 martyrii,
1101 4270 1195 4335 qnam
1208 4247 1285 4310 mihi
1297 4246 1415 4309 reddet

260 4340 295 4403 in
306 4336 437 4403 instanti
450 4335 623 4401 certamine
634 4336 739 4419 justus
750 4336 866 4419 judex.
916 4335 1003 4409 Quia
1017 4334 1114 4419 igitur
1131 4334 1195 4399 Dei
1210 4333 1416 4419 providentia

261 4427 295 4491 in
318 4426 364 4490 sui
388 4422 596 4509 dispositione
618 4443 683 4485 non
703 4422 836 4499 fallit-ur,
863 4422 954 4487 Deus
973 4422 1061 4507 quod
1075 4422 1192 4486 statuit
1208 4422 1249 4485 de
1265 4444 1328 4498 me,
1346 4420 1415 4482 sine

259 4538 313 4581 rue
334 4513 490 4581 deliberat
509 4510 586 4596 ipse.
633 4508 721 4575 Nolo
738 4509 838 4594 ipsius
855 4509 1015 4574 voluntati
1031 4509 1228 4597 aliquatenus
1242 4506 1412 4584 contraire,
