3142 5159
291 416 342 489 84
666 428 859 484 amanam
884 426 938 483 nx
964 428 1068 483 narn

290 594 471 661 dedicatur.
520 594 657 660 Sanctus
687 593 807 657 exinde
834 592 968 657 Domini
996 592 1061 657 illis
1091 592 1212 659 diutius
1238 593 1271 656 in
1296 594 1448 678 partibus

290 682 408 747 morari
423 680 537 760 noluit,
551 681 608 745 sed
620 679 830 766 postmodum
844 679 1096 747 conversationis
1111 680 1243 747 alterins
1257 681 1335 747 loca
1348 680 1448 748 simul

288 786 322 834 et
339 784 414 835 vota
428 768 614 857 expetendo
629 769 835 855 permutavit.

637 1080 755 1161 [CAP.
779 1078 1087 1162 XXVlltpAtta
1100 1083 1192 1147 ratio.

332 1308 496 1373 Moderno
517 1321 662 1389 tempore
677 1303 809 1391 quidam
824 1305 975 1370 solitariae
997 1306 1072 1371 vitae
1087 1305 1121 1370 in
1138 1305 1220 1371 silva
1233 1327 1308 1392 quae
1324 1306 1440 1391 lingua

288 1396 468 1481 Anglorum
486 1392 622 1457 Moddri
638 1392 756 1468 dictur,
769 1392 901 1476 deguit3
918 1393 972 1480 qui
988 1394 1077 1479 prius
1087 1395 1262 1457 monachus
1272 1395 1440 1478 professus

283 1486 316 1547 in
342 1480 521 1547 Lucheseld
539 1479 658 1557 extitit,
676 1479 730 1565 qui
751 1478 944 1565 Radulphus
955 1481 996 1545 de
1015 1481 1122 1546 Nuers
1138 1483 1313 1549 dicebatur.
1352 1484 1440 1546 Con-

283 1570 357 1655 tigit
379 1571 518 1655 denique
549 1584 584 1631 ut
616 1566 708 1630 Prior
745 1566 854 1653 ipsius,
893 1568 982 1633 illum
1013 1570 1056 1633 ad
1085 1570 1275 1655 sollempnia
1306 1571 1439 1634 Sancta

283 1658 401 1722 Mariae
423 1656 584 1733 invitaret,
608 1678 681 1741 quae
704 1655 857 1720 festivitas
879 1657 1065 1742 principalis
1080 1658 1167 1741 apud
1199 1657 1270 1720 illos
1286 1658 1437 1722 habetur.

286 1746 352 1821 Qui
367 1745 413 1810 nil
430 1758 569 1809 moratus
585 1742 723 1807 libenter
745 1743 844 1827 patris
867 1744 915 1807 sui
935 1743 1048 1808 edictis
1064 1747 1288 1828 obtemperare
1312 1745 1435 1822 volens,

281 1834 435 1923 quaelibet
465 1831 636 1896 commoda
671 1845 702 1894 et
728 1832 856 1915 ydonee
895 1831 1062 1915 proposito
1092 1832 1197 1897 itineri
1228 1832 1434 1916 praeparavit.

285 1921 389 1986 Nocte
398 1920 497 2008 igitur
509 1920 646 1983 instante
657 1917 689 1981 in
701 1918 793 2003 cujus
803 1918 936 1982 diluculi
947 1921 1107 1983 matutino
1119 1934 1262 2004 tempore
1271 1920 1435 2004 proficisci

281 2008 449 2096 disposuit,
462 2021 536 2092 post
551 2006 645 2070 solito
657 2005 774 2092 quietis
790 2008 981 2090 sompnium,
1000 2006 1122 2092 vigilias
1135 2007 1177 2071 de
1193 2030 1284 2070 more
1296 2009 1432 2095 peregit.

282 2098 327 2162 Et
342 2119 416 2163 ecce
448 2094 555 2159 subito
571 2092 669 2158 taedio
694 2094 819 2176 soporis
834 2094 1039 2179 opprimitur,
1064 2118 1224 2181 soporque
1247 2098 1434 2179 repentinus

280 2187 313 2248 in
329 2206 404 2247 eum
416 2182 518 2259 irruit,
542 2193 576 2244 et
591 2202 700 2245 sensus
715 2202 827 2244 omnes
850 2180 1019 2246 exterioris
1034 2182 1173 2247 hominis
1196 2181 1339 2247 abstulit.
1390 2183 1434 2247 Et

280 2293 356 2337 ecce
377 2281 510 2354 repente
533 2267 581 2330 vir
601 2267 731 2353 quidam
746 2268 959 2345 venerandus,
981 2269 1157 2354 pontificali
1171 2269 1305 2334 indutus
1320 2268 1433 2347 inlirla,

281 2358 312 2424 ei
324 2358 357 2422 in
372 2359 441 2421 visu
455 2354 679 2444 ymaginaliter
692 2354 803 2432 astitit,
827 2370 860 2419 et
882 2355 987 2421 verbis
1003 2356 1180 2422 lenioribus
1195 2356 1298 2441 ipsum
1314 2378 1433 2422 conve-

282 2446 373 2512 niens
388 2444 506 2509 intulit.
554 2452 576 2485 ‘⁶
588 2443 721 2519 Quare''
744 2442 848 2530 inquit
865 2444 1000 2510 “locum
1015 2447 1110 2509 istum
1127 2446 1160 2509 in
1176 2458 1266 2509 tanta
1280 2445 1433 2531 sollemp-

279 2533 381 2600 nitate
396 2530 563 2597 decrevisti
580 2532 737 2608 deserere,
759 2543 794 2595 et
821 2554 873 2595 me
888 2531 984 2618 hujus
1005 2533 1069 2597 loci
1095 2532 1258 2620 quondam
1281 2532 1433 2597 colonum

281 2635 314 2687 et
343 2642 430 2687 nunc
455 2634 693 2706 procuratorem
718 2618 853 2683 servicio
878 2619 941 2683 Dei
965 2620 1155 2685 destitutum
1177 2619 1433 2707 derelinquere?

282 2708 356 2797 Ego
378 2707 506 2794 quidem
533 2730 603 2771 sum
629 2706 828 2771 Cuthbertus
855 2707 1132 2772 Lindisfarnorum
1147 2708 1311 2794 quondam
1338 2708 1434 2792 Epis-

279 2818 390 2881 copuS,
407 2819 427 2859 a
443 2794 574 2859 Christo
596 2793 706 2858 divino
728 2816 861 2857 munere
884 2810 1098 2873 consecratus
1115 2796 1269 2882 locusque
1281 2796 1341 2858 iste
1353 2795 1433 2860 olim

282 2906 354 2948 mea
377 2881 605 2947 habitationea
623 2882 696 2945 Deo
713 2881 928 2946 sanctificatus
941 2885 1007 2947 est''
1053 2883 1202 2970 Antiquis
1212 2905 1288 2946 vero
1304 2897 1432 2967 tempo-

281 2971 369 3037 ribus
385 2971 456 3034 haec
473 2971 586 3035 Sancti
598 2970 770 3035 Cuthberti
781 2970 888 3054 platea
902 2970 1079 3048 dicebatur,
1090 2971 1166 3059 quia
1177 2969 1330 3058 quicquid
1345 2970 1433 3036 intra

281 3060 371 3124 istius
397 3080 470 3122 arce
495 3072 587 3141 septa
617 3056 788 3120 introierat
814 3057 949 3121 illaesum
980 3059 1022 3122 ab
1052 3058 1141 3123 omni
1167 3061 1298 3122 incursu
1313 3058 1430 3123 rabido

278 3145 416 3211 ferarum
432 3145 498 3208 sive
513 3144 681 3208 hominum
705 3144 867 3209 custodire
893 3161 1115 3211 consueverat.
1162 3145 1294 3211 “Unde
1309 3168 1430 3211 moneo

278 3248 315 3297 ut
331 3234 464 3298 ulterius
480 3231 585 3294 locum
601 3253 708 3293 meum
732 3231 862 3294 servitio
887 3231 950 3296 Dei
974 3234 1155 3299 desolatum
1181 3255 1248 3297 nou
1263 3232 1429 3297 deseras.”

282 3318 410 3393 Quibus
425 3318 529 3395 dictis,
543 3317 592 3381 vir
608 3317 672 3379 Dei
688 3340 707 3381 a
733 3318 814 3381 facie
829 3317 913 3382 illius
931 3323 1070 3400 evanuit,
1086 3339 1119 3387 et
1134 3320 1294 3387 solitarius
1314 3320 1369 3385 ille
1393 3320 1427 3385 in

277 3429 311 3472 se
328 3428 471 3473 reversus
487 3428 584 3493 quam
607 3402 701 3468 citius
717 3405 758 3469 de
774 3406 899 3490 sompni
911 3407 1032 3475 visione
1046 3411 1195 3486 surrexit,
1212 3408 1426 3494 stupefactus·

276 3518 339 3583 que
354 3510 387 3562 et
409 3506 631 3560 consternatus
654 3492 773 3557 diutius
797 3516 905 3558 secum
936 3518 1033 3581 super
1057 3496 1242 3585 hujusmodi
1269 3494 1425 3561 visionem

275 3585 433 3661 turbatur,
447 3581 639 3672 etquicquid
650 3580 805 3646 revelatio
815 3582 886 3667 ipsa
894 3586 1103 3666 protenderet
1117 3584 1303 3649 examinare
1312 3585 1422 3667 coepit.

275 3671 328 3737 De
360 3673 464 3737 Beato
484 3671 614 3757 quidem
640 3670 824 3733 Cuthberto
854 3670 952 3733 nichil
983 3685 1114 3737 eatenus
1144 3684 1289 3738 noverat.
1338 3671 1423 3735 Cum

272 3759 344 3822 haec
359 3780 468 3824 secum
484 3771 591 3822 mente
616 3758 713 3821 tacita
735 3757 890 3835 volveret,
918 3758 1026 3823 subito
1053 3783 1170 3826 aurora
1184 3760 1310 3823 oriente
1324 3780 1423 3823 senex

274 3845 405 3933 quidam
422 3858 590 3909 veteranus
607 3844 648 3907 ad
677 3842 765 3907 fores
792 3843 864 3907 atrii
889 3847 1056 3911 exterioris
1086 3847 1197 3925 astitit,
1214 3862 1246 3911 et
1261 3845 1423 3931 pulsando

270 3934 374 3998 acrius
390 3947 422 3997 et
436 3932 606 3997 clamando
621 3932 747 4015 saepius,
772 3930 893 3995 aditum
919 3946 1025 3999 tamen
1041 3960 1061 4000 a
1075 3936 1226 3999 ministris
1249 3937 1423 4019 impetrare

271 4043 336 4085 non
351 4021 468 4106 potuit.
517 4019 611 4083 Tunc
626 4018 680 4081 ille
696 4018 918 4084 vehementius
942 4023 1064 4087 aditum
1087 4023 1265 4108 postulans,
1293 4043 1422 4105 semper

275 4108 369 4174 Beati
386 4105 558 4172 Cuthberti
574 4104 785 4192 patrocinium
802 4121 834 4172 et
863 4110 1020 4173 auxilium
1050 4110 1221 4177 invocavit.
1269 4109 1421 4172 Tandem

271 4197 432 4262 solitarius
443 4195 588 4273 audiens,
597 4196 796 4281 januamque
807 4197 962 4281 aperiens,
974 4221 1074 4284 quare
1087 4200 1242 4263 Sanctum
1253 4196 1419 4262 Cuthber-

270 4298 340 4351 tum
355 4285 470 4350 totiens
485 4282 677 4371 importunis
689 4283 822 4347 vocibus
837 4286 1008 4369 impeteret
1017 4285 1204 4375 diligentius
1217 4285 1418 4372 perquisivit.

271 4371 368 4440 Tunc
384 4390 494 4452 senex,
506 4371 645 4439 “locum
655 4370 751 4437 istum
759 4366 853 4441 Beati
864 4370 1035 4440 Cuthberti
1046 4372 1230 4446 dedicatum
1242 4367 1375 4450 nomini,
1386 4383 1420 4437 et
