3142 5159
674 472 760 526 vmu
784 472 925 526 “²1ch

358 636 502 724 Sumpcit
515 636 606 701 humi
620 646 757 721 purtem,
773 635 944 703 medlcinoe
958 634 1041 702 sicut
1053 637 1088 700 in
1102 648 1217 719 ortem,

356 726 492 791 Miscuit
506 737 540 790 et
551 723 692 810 limphis,
709 724 765 789 ubi
779 722 864 789 fudit
878 723 911 787 in
925 746 963 791 os
983 724 1158 810 potientisr

356 813 429 879 Nec
443 834 534 879 mora
548 812 715 891 clamores,
731 823 851 891 motus,
868 811 1064 899 miserosque
1079 812 1219 893 furores,

358 900 491 987 Oraque
506 900 706 985 compressit,
720 911 875 979 mentem,
891 898 1034 989 requiem
1057 922 1099 965 ue
1114 904 1263 987 capessit.

358 988 460 1053 Facto
474 1010 569 1054 mone
585 986 715 1073 quidem
730 988 900 1076 consurgit
915 1008 1025 1073 sospes
1039 988 1050 1051 i
1074 986 1172 1068 idern,

356 1074 402 1139 Et
416 1074 529 1141 melius
544 1074 656 1153 credit,
673 1089 708 1140 et
722 1075 831 1141 senior
846 1075 920 1140 inde
935 1074 1068 1141 recedit

355 1161 415 1225 Vir
429 1164 483 1262 pie
498 1162 676 1251 signorum,
693 1162 778 1227 vires
795 1184 904 1248 preme
919 1163 1178 1229 doemoniorumr

356 1247 455 1315 Fletus
471 1249 606 1336 impuris
621 1251 662 1315 sit
676 1250 764 1315 nulla
777 1249 908 1315 licentia
916 1250 1010 1334 juris,

359 1335 409 1402 Ut
424 1358 476 1403 me
491 1336 685 1423 discerpent,
709 1338 761 1403 vel
776 1340 810 1401 in
824 1338 938 1404 intime
952 1337 1086 1405 crimine
1101 1350 1241 1425 serpent.

313 1659 434 1737 [CAP.
457 1656 764 1735 xum-mustea
792 1677 903 1739 corpus
926 1660 1028 1741 ipsius
1047 1669 1122 1741 port
1145 1664 1286 1728 undam

520 1766 621 1811 annos
635 1749 844 1829 incorrrptrnn
857 1749 900 1809 sit
913 1747 1078 1813 inventurn.

355 1961 403 2027 Ut
414 1962 463 2025 sol
478 1958 626 2024 undenos
641 1958 777 2042 girando
793 1970 962 2046 peregerat
976 1980 1088 2038 annos,

354 2048 408 2112 Ex
422 2071 498 2136 quo,
515 2069 594 2131 pace
608 2045 682 2124 Dei,
700 2046 758 2113 tibi
773 2058 900 2130 tempus
916 2059 985 2111 erut
1000 2047 1136 2133 requiei,
1149 2085 1152 2091 ·

351 2135 396 2201 Et
410 2158 488 2201 curs
501 2134 603 2199 multe
616 2132 722 2200 fueret
734 2156 812 2199 coro
826 2143 937 2199 sanctu
950 2133 1088 2218 sepulte,

351 2224 446 2288 Tunc
462 2222 575 2291 animis
590 2220 726 2287 fratrum
741 2220 791 2300 fit,
809 2220 942 2286 Christo
952 2220 1076 2305 judice,
1091 2237 1231 2308 gratum,

355 2309 406 2375 Ut
417 2321 474 2375 tuo
488 2312 530 2375 de
545 2322 633 2375 terro
644 2308 759 2375 tollant
774 2307 975 2373 sanctissimo
986 2309 1151 2387 membre3

355 2398 440 2472 Qum
455 2396 576 2462 cineres
591 2394 677 2463 fectu
691 2395 829 2461 credunt
843 2395 1014 2482 putredine
1029 2410 1125 2476 tecto,

351 2484 439 2550 Haec
455 2497 492 2549 ut
507 2485 642 2553 humum
657 2504 755 2569 supro
768 2506 901 2549 servans
915 2506 1002 2550 novo
1015 2484 1148 2570 colligat
1163 2507 1246 2551 erce.

352 2572 419 2639 Sed
434 2571 480 2643 nil
494 2583 611 2641 natura
627 2572 711 2637 valet
725 2572 777 2637 hic
791 2573 957 2657 corruptio
971 2571 1064 2650 dure,

353 2661 461 2734 Quam
475 2659 582 2725 fueret
597 2659 678 2725 labis
694 2673 760 2725 tem
772 2672 849 2725 sunt
864 2658 1022 2724 immunia
1035 2660 1129 2739 tubis,

351 2748 478 2834 Corpus
493 2748 587 2815 adest
601 2760 715 2826 totum,
739 2747 787 2815 nil
800 2768 896 2812 cerne
912 2746 964 2811 vel
977 2770 1050 2812 osse
1063 2760 1237 2827 remotum,

351 2835 474 2900 Flexiie
490 2835 654 2913 vincturis,
677 2833 783 2901 nervis
798 2836 991 2919 compagine
1006 2834 1106 2913 duris,

352 2922 511 2989 Reddidit
523 2922 690 2989 inventum
704 2944 764 2988 ceu
778 2926 922 3007 suscepit
936 2937 1192 3001 monumentum,

352 3009 401 3075 Ut
415 3012 540 3098 requies
556 3011 669 3089 somni,
687 3009 732 3075 sic
748 3032 886 3095 corpore
900 3022 992 3096 paret
1007 3008 1041 3073 in
1055 3012 1160 3074 omni:

352 3096 507 3163 Vestibus
522 3111 556 3163 et
571 3097 667 3163 sacris
682 3098 849 3184 corruptio
865 3097 966 3163 defuit
981 3097 1061 3162 ocris
1078 3122 1086 3161 ι

351 3183 454 3249 Nulla
468 3186 598 3271 quidem
613 3187 726 3271 pannis
742 3186 879 3250 undenis
896 3184 1032 3271 contigit
1045 3182 1149 3260 annis,

353 3268 434 3343 Quis
450 3286 505 3336 tua
519 3280 629 3336 sancto
643 3290 719 3335 caro
733 3270 796 3335 fuit
807 3271 910 3336 obsita
927 3293 1059 3337 munere
1074 3271 1171 3335 claro.

352 3357 485 3435 Quaeso,
502 3360 551 3422 vir
566 3358 720 3441 angelice,
736 3358 837 3443 petris
852 3357 1081 3444 omnipotentis
1096 3354 1206 3433 amice,

353 3443 443 3518 Quas
459 3444 635 3522 detesteris,
653 3444 763 3510 sordes
779 3445 878 3509 michi
893 3446 980 3510 dilue
997 3446 1100 3510 carnis
1113 3467 1122 3520 3

348 3532 401 3597 Ne
415 3534 499 3599 male
514 3545 684 3619 putrescat,
701 3532 727 3596 si
742 3533 891 3599 sordibus
906 3534 955 3597 his
971 3532 1168 3620 requiescet;

351 3620 418 3687 Sed
433 3622 592 3709 templum
610 3619 741 3689 Christo
757 3624 819 3687 sim
833 3644 971 3708 corpore
985 3621 1114 3687 deditus
1128 3618 1200 3687 isto.
