3142 5159
644 402 885 459 curuuuuul.

285 868 402 957 [exe.
436 862 781 943 utut-Quomodo
801 884 914 946 corpu
936 865 1090 931 uouere
1113 870 1258 949 episcopi,

271 958 369 1039 jueta
391 954 474 1037 quod
493 954 560 1034 ipsc
583 959 755 1100 optavere?
771 952 807 1015 in
820 953 887 1033 ejus
900 954 1100 1033 carwfapum
1113 956 1155 1016 sit
1171 958 1258 1036 posi.

745 1059 808 1102 um.

327 1258 451 1326 Praesul
470 1257 662 1337 Eadbertus,
678 1280 775 1343 quem
791 1257 868 1325 laete
882 1269 990 1325 mente
1002 1258 1152 1340 refertus,

325 1347 479 1415 Versibus
493 1344 629 1434 insignis
644 1346 761 1411 cecinit
776 1346 930 1413 miracula
943 1346 1058 1431 dignis.

326 1445 348 1480 ‘⁶
368 1435 417 1501 O!
442 1456 538 1522 quam
553 1446 692 1513 sauctus,
709 1435 763 1512 ait,
780 1434 870 1499 locus
884 1448 943 1513 est,
960 1435 1016 1522 qui
1027 1436 1104 1502 tulie
1118 1435 1251 1508 eleusitz

326 1533 348 1567 “
366 1524 445 1588 Hoc
459 1524 516 1610 qui
530 1523 678 1598 servavit,
694 1522 871 1607 quodcum
888 1522 1007 1588 virtute
1023 1523 1178 1589 secrevit:

324 1622 346 1655 ‘⁶
362 1610 461 1678 Unde
477 1612 544 1676 scio
559 1630 634 1675 vere
648 1607 737 1695 quod
747 1610 816 1695 jam
828 1609 945 1693 poterit
959 1631 1126 1675 remanere

324 1709 346 1743 “
362 1699 526 1785 Tempore
541 1720 608 1763 non
623 1695 727 1761 multo
741 1718 862 1761 vacuus
876 1695 968 1761 locus
979 1695 1034 1760 ille
1050 1695 1188 1782 sepulto.

325 1796 348 1830 “
364 1786 473 1863 Quam
487 1787 571 1852 bene
585 1783 746 1871 pausabit,
760 1806 859 1873 quem
873 1806 942 1848 sors
956 1783 1044 1849 ineo
1058 1783 1254 1855 tumulabitl

327 1884 348 1917 ‘⁶
366 1874 461 1939 Felix
476 1886 526 1940 est
540 1872 677 1939 multum
692 1872 745 1937 cui
760 1872 801 1938 sit
815 1872 904 1938 locus
920 1872 978 1939 iste
994 1871 1232 1959 sepulchrum.’'

326 1963 450 2027 Praesul
464 1962 613 2039 devotus,
636 1982 811 2046 suspensus
825 1960 868 2024 ed
883 1960 1006 2027 aethere
1021 1973 1119 2041 totus,

325 2050 389 2114 His
405 2050 509 2115 multe
524 2049 619 2135 plura
633 2047 718 2111 dixit
732 2046 870 2113 sitiendo
881 2049 1000 2116 futura.

327 2138 418 2202 Hinc
433 2136 547 2203 morbo
562 2149 676 2213 tactus,
692 2148 893 2222 mortemque
908 2136 1016 2202 subire
1031 2148 1173 2213 coactus,

327 2225 420 2290 Felix
434 2238 585 2291 votorum
600 2246 733 2310 compos
748 2224 787 2287 fit
802 2224 922 2311 ubique
937 2246 1089 2291 suorum:

326 2314 463 2399 Spiritus
479 2324 564 2378 astra
578 2313 669 2397 petit,
693 2333 769 2375 cero
785 2312 986 2399 sarcophago
1001 2314 1168 2398 requievit,

328 2400 403 2474 Qua
417 2423 494 2465 cero
507 2399 681 2467 cuthberti
694 2400 897 2483 requieverat
913 2400 1014 2465 inscia
1026 2401 1112 2469 nevi.

284 2758 398 2848 [CAP.
418 2758 569 2840 XLIIL]
578 2756 774 2838 —Quontodo
784 2760 1053 2841 clericuecpmwe
1066 2762 1112 2824 ad
1119 2763 1253 2827 mlum

563 2848 629 2928 ejus
642 2849 761 2911 orando
771 2849 814 2911 sit
831 2855 970 2912 sunaus.

326 3068 448 3135 Tabuit
463 3068 551 3133 haud
563 3090 671 3154 sospes
695 3068 896 3131 miserendus
912 3066 1046 3135 clericus
1060 3068 1195 3164 hospes3

323 3156 396 3221 Jam
412 3155 609 3243 desperatus,
625 3154 741 3220 nimios
764 3154 881 3219 tulerat
896 3152 1076 3220 cruciatus:

322 3244 395 3309 Jem
411 3266 512 3331 prope
528 3242 655 3323 defecit,
673 3266 768 3331 quem
779 3242 870 3307 nulla
880 3242 1006 3308 medela
1019 3241 1144 3309 refecit.

325 3333 390 3397 Sed
406 3346 463 3396 tua
478 3334 599 3409 tumba,
617 3331 759 3419 quidem,
780 3331 973 3408 Cuthberte,
991 3331 1076 3396 salus
1091 3332 1130 3395 fit
1144 3332 1261 3402 eidem.

323 3419 390 3483 Vix
405 3419 499 3483 miser
514 3420 577 3482 huc
592 3418 675 3483 latus
690 3418 797 3483 fundit
808 3416 1007 3481 lacrimando
1022 3432 1179 3502 poecatus,

328 3506 377 3571 Ut
391 3526 489 3591 prece
504 3506 694 3591 languorem
709 3503 811 3589 pellas
825 3504 877 3567 vel
892 3516 997 3568 morte
1008 3503 1166 3583 dolorem,

329 3592 412 3667 Quae
428 3594 470 3657 sit
485 3604 648 3657 tentorum
664 3614 738 3678 quae
752 3591 865 3658 suffert
880 3603 966 3655 meta
981 3590 1150 3661 malorum.

281 3698 283 3701 ·
325 3680 429 3770 AEger
444 3693 480 3745 ut
494 3681 598 3747 oravit
612 3701 691 3743 mox
706 3680 809 3744 virtus
823 3678 912 3743 hunc
927 3677 1105 3763 reparavit3

323 3768 436 3834 Virtus
451 3768 590 3834 coelestis
605 3768 696 3855 fugat
711 3767 789 3831 huic
802 3764 985 3831 discrimine
998 3765 1097 3851 pestis
1113 3789 1122 3831 r

213 3868 222 3885 ‘'
327 3855 380 3922 Sic
395 3879 454 3942 per
469 3858 621 3922 virtutem
631 3857 725 3921 citius
740 3854 872 3919 rediisse
887 3854 1023 3921 sulutem

329 3942 460 4030 Oppido
474 3944 620 4025 miretur,
635 3944 811 4032 laudesque
822 3944 970 4010 cauendo
983 3940 1142 4030 profatur.

327 4030 377 4097 Ut
391 4032 505 4103 leudes
520 4045 644 4099 centem
661 4054 718 4118 per
732 4032 830 4098 saecle
844 4031 984 4096 videndo
999 4041 1165 4099 tonantem

327 4117 387 4187 Me
401 4121 509 4189 releva
522 4122 653 4201 fessum,
668 4121 794 4207 peceati
807 4117 950 4206 pondere
963 4139 1119 4207 pressum·
