3142 5159
245 400 296 475 80
619 419 809 474 amanam
835 418 888 472 ua
915 417 1020 473 caru

244 584 351 671 pueris
378 582 475 649 solito
497 604 588 647 more
603 582 800 661 ludentibus,
820 582 1020 649 Cuthbertus
1035 604 1069 647 se
1086 582 1171 668 jocis
1185 580 1330 667 ipsorum
1344 577 1396 643 in-

245 672 355 750 seruit,
372 683 406 737 et
421 692 494 736 cum
506 670 691 757 jocantibus
707 672 776 757 ipse
792 670 867 735 satis
878 670 1039 755 jocundus
1055 669 1214 757 apparuit.
1247 667 1395 745 Quidam

245 782 324 843 ergo
341 760 435 837 saltu,
460 758 514 823 alii
539 757 745 836 luctuamine,
772 758 823 822 vel
838 758 902 822 alio
917 757 1029 844 quovis
1044 759 1224 822 sinuamine
1239 777 1396 820 exercere

221 861 225 869 ’
244 871 281 912 cu
289 873 300 909 1⁴
314 850 411 915 bant.
458 845 617 911 Nonnulli
639 848 759 911 vertice
783 847 896 931 capitis
919 847 952 909 in
975 858 1097 910 terram
1118 845 1284 930 depresso,
1303 842 1390 928 pede

243 948 318 1001 utro
341 958 382 1001 ue
398 934 432 999 in
447 933 573 999 sullime
584 948 745 1020 porrecto,
758 956 793 997 se
805 933 970 1022 subrigere
981 933 1200 998 decertabant.
1242 930 1392 1005 Quorum

245 958 399 1088 aemrilans
426 1022 622 1088 Cuthbertus
638 1022 839 1099 industriam,
856 1020 961 1106 capite
976 1021 1137 1086 solotenus
1149 1020 1245 1098 illiso,
1262 1033 1295 1084 et
1309 1018 1392 1103 pede

246 1122 385 1198 utroque
409 1112 443 1175 in
470 1110 570 1175 altum
595 1123 757 1195 porrecto,
782 1110 901 1173 mirum
916 1108 951 1173 in
971 1108 1103 1173 modum
1118 1120 1223 1172 vestes
1238 1106 1324 1170 illius
1336 1128 1393 1171 ne·

244 1199 388 1264 sciebant
398 1197 557 1275 decidere,
574 1198 630 1262 sed
642 1198 711 1262 sine
726 1196 935 1283 replicatione
949 1196 1052 1286 rigide
1067 1197 1206 1264 stabant.
1255 1192 1392 1258 Reflecti

244 1286 375 1374 quidem
399 1286 581 1361 noluerant,
606 1285 665 1349 sed
687 1287 773 1350 circa
795 1283 889 1349 tibias
912 1284 1005 1370 pueri
1028 1284 1194 1358 involutae,
1215 1281 1245 1346 ei
1259 1280 1392 1346 honoris

243 1374 457 1439 reverentiam
480 1371 685 1437 exhibebant.
732 1370 810 1435 Hoc
825 1375 965 1457 primum
981 1372 1169 1437 miraculum
1184 1370 1217 1434 in
1232 1384 1320 1435 terra
1331 1370 1393 1432 ista

244 1461 285 1525 de
312 1483 414 1545 puero
440 1459 495 1523 illo
521 1460 674 1535 innotuit,
702 1482 766 1545 quo
795 1458 932 1545 Spiritus
959 1460 1094 1525 Sanctus
1121 1462 1224 1546 ipsum
1250 1458 1311 1521 sibi
1336 1478 1391 1519 vas

244 1548 388 1613 futurum
413 1544 526 1631 gloriae
552 1548 769 1635 praesignavit.
817 1547 925 1612 Locus
949 1546 1017 1632 ipse
1041 1549 1138 1612 etiam
1161 1544 1392 1610 adhuciueolis

244 1635 357 1721 patriae
371 1635 551 1700 notissimus
567 1635 714 1713 habetur,
728 1636 760 1698 in
777 1656 842 1721 quo
857 1657 941 1700 nunc
956 1636 999 1699 ob
1015 1635 1100 1699 illius
1114 1635 1272 1699 honorem
1287 1632 1392 1697 eccle-

242 1725 290 1789 sia
315 1723 460 1788 Domino
483 1737 710 1799 consecratum
742 1724 861 1809 quique
896 1745 916 1787 a
950 1745 1122 1808 puerorum
1158 1722 1392 1787 colludentium

243 1810 383 1901 agmine,
420 1834 522 1897 usque
555 1812 589 1875 in
618 1809 810 1876 hodiernum
846 1811 931 1875 diem
965 1809 1226 1877 Childeschirche
1256 1819 1394 1873 vocatur

241 1898 492 1985 praeagnomine‚
525 1898 570 1961 illi
600 1898 680 1963 dans
710 1896 843 1962 honoris
869 1902 983 1964 aeterni
1014 1898 1242 1976 testimonium,
1269 1898 1325 1985 qui
1356 1898 1391 1959 in

241 1987 422 2053 aeternitate
437 1986 515 2051 vivit
529 1985 562 2049 in
577 1986 684 2051 secula
699 1986 891 2053 seculorum.

286 2126 428 2206 Ecplt‘cit
449 2124 587 2187 Libellus
613 2126 651 2187 de
675 2122 850 2187 Nativitute
873 2124 981 2189 Sancti
1004 2122 1161 2189 damari
1173 2126 1211 2187 de
1226 2123 1394 2205 Hystort'ia

181 2298 187 2309 .
242 2210 490 2293 Hybemensium
505 2219 645 2293 acceptes
659 2212 881 2278 erumnam.

676 2548 793 2634 [CAP.
810 2544 956 2630 xxm]

288 2769 370 2835 Post
394 2792 467 2834 uam
482 2770 595 2835 beatus
611 2792 692 2854 puer
709 2772 908 2837 Cuthbertus
924 2772 957 2837 in
974 2784 1092 2835 terram
1110 2770 1269 2835 Senticam
1286 2771 1390 2855 appli-

240 2857 316 2936 cuit,
329 2859 363 2921 in
372 2793 505 2922 diversis
517 2858 636 2921 finibus
646 2860 836 2933 ¹conversari
850 2859 1047 2946 aliquamdiu
1065 2858 1171 2943 coepit.
1220 2858 1263 2922 Et
1278 2858 1353 2945 quia
1369 2884 1389 2923 a

240 2949 395 3033 primaeva
410 2959 505 3010 aetate
524 2945 661 3031 Spiritus
681 2947 817 3012 Sanctus
833 2947 865 3011 in
881 2948 949 3033 ejus
965 2959 1096 3032 pectore
1112 2946 1172 3009 sibi
1187 2945 1386 3010 domicilium

241 3034 356 3112 effecit,
385 3035 568 3119 ubicunque
592 3034 703 3118 deguit
727 3058 852 3121 semper
868 3035 1026 3136 religiosae
1053 3033 1303 3098 conversationis
1319 3047 1388 3099 stu-

239 3123 329 3187 dium
356 3133 452 3207 utque
476 3122 676 3206 propositum
706 3125 816 3209 gessit.
862 3124 1003 3187 Veniens
1023 3122 1131 3209 itaque
1155 3121 1188 3185 in
1204 3122 1296 3199 urbe,
1314 3145 1388 3208 quae

241 3209 310 3273 Dul
333 3208 462 3286 dicitur,
480 3207 602 3271 urbana
629 3209 771 3273 deseruit
794 3224 826 3274 et
855 3210 1016 3274 solitarius
1042 3232 1110 3274 esse
1136 3209 1267 3293 delegit.
1328 3210 1390 3274 Est

242 3295 399 3382 siquidem
415 3294 459 3358 ibi
472 3292 504 3357 in
517 3295 676 3378 proximo,
687 3317 752 3358 non
764 3297 821 3360 lon
845 3296 894 3359 ius
906 3297 1041 3361 miliario
1052 3320 1128 3375 uno,
1142 3298 1174 3359 iu
1188 3295 1386 3361 silvestribus

241 3403 408 3448 nemorum
432 3380 522 3459 locis,
552 3404 645 3446 mons
671 3383 781 3448 multae
807 3321 982 3450 altitudinis
1009 3388 1083 3449 satis
1106 3386 1235 3463 arduus,
1261 3384 1317 3470 qui
1344 3405 1388 3449 ex

239 3472 328 3537 nulla
352 3468 414 3535 nisi
445 3492 487 3534 ex
505 3469 573 3533 sola
598 3470 729 3534 australi
752 3484 846 3557 parte
876 3472 958 3537 adiri
973 3471 1037 3535 sive
1064 3472 1237 3537 conscendi
1266 3485 1385 3556 potest.

240 3559 308 3636 Qui
334 3581 426 3624 mons
453 3557 494 3623 ab
525 3557 635 3622 incolis
659 3558 742 3622 illius
764 3559 903 3648 regionis
928 3559 1108 3623 Doilweme
1133 3573 1275 3636 vocatur,
1298 3560 1383 3645 quod

238 3648 337 3712 latine
352 3668 429 3711 area
442 3644 614 3731 perpulcra
629 3659 661 3710 et
676 3668 804 3712 amoena
825 3650 1066 3733 interpretatur.
1114 3647 1154 3711 In
1169 3646 1264 3731 hujus
1286 3646 1386 3735 igitur

239 3734 356 3798 montis
378 3735 544 3797 cacumine
567 3738 686 3798 Beatus
711 3734 911 3799 Cuthbertus
932 3734 1091 3799 solitarius
1114 3737 1212 3820 coepit
1226 3734 1385 3814 habitare,

239 3836 412 3907 antequam
428 3820 534 3883 nullus
550 3819 718 3884 hominum
741 3838 873 3907 propter
893 3822 1072 3909 frequentes
1088 3822 1238 3887 fantasias
1261 3822 1384 3887 daemo-

239 3931 315 3974 num
331 3909 419 3993 prius
434 3926 530 3971 ausus
546 3906 649 3970 fuerat
664 3928 787 3973 moram
801 3908 916 3973 facere.
964 3908 1026 3974 Cui
1038 3911 1145 3997 specie
1157 3909 1274 3974 visibili
1289 3910 1384 3974 simul

240 4013 272 4062 et
288 3994 422 4060 terribili
437 3994 537 4057 hostis
552 3994 701 4080 antiquus
718 3997 905 4062 multociens
917 3998 1076 4083 apparuit,
1094 4011 1127 4063 et
1142 3997 1233 4061 minis
1249 3998 1342 4062 simul
1355 4011 1388 4063 et

236 4083 348 4169 jaculis
376 4083 408 4145 in
424 4104 497 4145 eurn
520 4080 643 4145 irruens
663 4080 769 4167 ipsum
786 4086 827 4150 de
842 4085 915 4149 loco
931 4087 1123 4151 conturbare
1138 4087 1264 4173 sategit.
1317 4085 1383 4150 Sed

236 4195 347 4237 servus
371 4170 437 4234 Dei
455 4168 654 4234 Cuthbertus
670 4172 770 4237 minas
787 4171 960 4240 adversarii
975 4187 1214 4259 contempnens,
1232 4174 1273 4237 de
1296 4172 1382 4250 loco,

236 4283 333 4349 quem
357 4258 500 4335 incoluit,
532 4257 704 4323 abscedere
728 4261 840 4330 noluit.
887 4260 953 4327 Sed
976 4260 1052 4347 quia
1073 4263 1198 4327 mansio
1222 4260 1276 4323 illa
1298 4282 1385 4347 aqua

237 4361 308 4415 erat
322 4345 442 4433 indiga,
460 4357 573 4432 utpote
589 4342 623 4409 in
639 4348 756 4417 montis
772 4346 880 4417 saxosi
892 4348 1014 4415 vertice
1024 4350 1105 4426 sita3
1121 4350 1168 4415 ibi
1179 4349 1292 4415 beatus
1301 4370 1385 4436 puer
