3142 5159
229 414 279 483 52
673 426 766 480 vl‘rlt
793 425 934 478 OSWlNl

230 600 293 666 ¹est,
310 587 387 654 licet
403 609 470 660 nou
483 584 677 667 discernant,
694 600 731 655 ut
747 608 781 656 se
796 587 969 677 diligentes
984 596 1018 651 et
1033 606 1114 740 speie
1126 581 1260 684 diligapt
1272 606 1282 659 ;
1296 580 1386 649 illos·

234 698 299 763 que
315 687 488 761 sequentur
503 674 560 761 qui
577 674 664 751 bona
683 674 745 743 sibi
764 676 899 753 iscium,
917 687 953 749 ut
971 672 1048 748 fami
1062 672 1144 740 'ares
1159 692 1195 741 se
1209 694 1258 737 ers
1273 670 1308 735 in
1321 672 1385 736 hoc

234 785 306 835 esse
321 761 554 841 demonstrent·
603 762 698 834 Solus
713 776 823 837 autern
837 764 935 834 homo
957 782 1017 846 pro
1038 760 1132 853 tropis
1153 780 1227 845 que
1249 757 1388 843 percipit

231 850 278 926 ‚de
293 871 389 918 manu
407 848 548 929 Domni.
564 848 671 923 Deum
686 870 745 920 uec
760 850 864 927 lapdis
879 870 958 925 voce
972 858 1162 921 rumuaerst
1175 867 1236 914 uec
1249 844 1387 912 honore.

240 936 326 1017 Hinc
341 948 391 1001 est
412 936 503 1023 quod
523 935 677 1015 similium
691 936 807 1021 gratias
828 936 896 1009 Dei
917 948 1029 1008 nostra
1045 932 1239 1020 quandoque
1253 944 1389 1016 peecata

236 1022 450 1109 praepediunt,
467 1023 544 1109 quia
564 1045 637 1099 cum
660 1024 702 1097 ad
730 1024 922 1099 Sanctorum
943 1021 1075 1097 uomina
1094 1019 1286 1105 petitionem
1307 1019 1389 1083 faci-

240 1134 325 1193 rqqs,
339 1132 452 1183 sorum
467 1110 598 1197 quidem
614 1110 734 1185 meritis
748 1125 869 1196 presto
883 1108 1038 1196 estquod
1050 1107 1211 1193 petimen
1233 1104 1292 1169 sed
1311 1128 1389 1169 uos-

238 1212 299 1279 tae
314 1198 420 1282 precis
432 1198 586 1273 mum
598 1197 724 1283 assequi
738 1220 805 1271 non
818 1198 970 1275 valemus,
988 1195 1065 1283 quia
1078 1194 1133 1263 vel
1148 1194 1212 1271 alia
1226 1192 1280 1257 vel
1292 1192 1389 1258 aliter

238 1285 379 1369 petimps
402 1306 500 1370 quam
523 1284 688 1358 debemus.
752 1284 852 1359 Quint
877 1298 1052 1369 utrumque
1077 1281 1205 1346 intuens
1227 1279 1390 1364 propbeta

240 1370 339 1451 dicim
357 1370 477 1451 “Deus
490 1392 589 1447 meus,
603 1371 749 1443 clamabo
764 1394 822 1456 per
831 1371 928 1447 diem,
944 1382 979 1437 et
992 1391 1057 1441 nou
1068 1368 1223 1444 exsudes,
1234 1379 1268 1431 et
1278 1379 1387 1444 nocte,

242 1472 277 1537 et
292 1479 357 1521 uon
371 1456 416 1534 ad
428 1456 641 1541 insipientiam
657 1456 764 1524 miti?
815 1457 1018 1543 Inscripturd
1032 1456 1122 1522 sacra
1135 1455 1219 1519 solet
1232 1452 1390 1538 perdiem

239 1542 445 1629 prosperitas,
463 1558 497 1611 et
519 1566 577 1628 per
603 1558 732 1621 noctem
754 1544 931 1615 adversitas
952 1544 1095 1631 figurari.
1143 1542 1188 1606 Hi
1212 1562 1292 1628 ergo
1306 1562 1388 1626 quos

238 1651 394 1716 prospera
415 1632 549 1720 erigere,
567 1644 600 1695 et
645 1654 704 1699 uos
725 1630 860 1706 adversa
881 1643 1017 1716 possunt
1038 1629 1201 1706 inclinare,
1217 1649 1315 1711 snper
1336 1626 1389 1692 bis

239 1739 317 1803 quia
329 1728 443 1802 petunt
459 1740 525 1795 uon
539 1740 623 1785 exau
650 1717 767 1795 'untua
784 1718 861 1805 quia
874 1739 983 1790 coram
997 1716 1097 1787 oculis
1112 1715 1246 1788 Domim
1259 1736 1300 1779 ea
1313 1736 1389 1800 quae

240 1816 369 1889 petunt,
381 1804 423 1879 ad
434 1803 648 1889 insipientiam
658 1805 716 1869 sibi
732 1819 843 1889 petere
854 1803 1110 1889 perpenduntur.
1157 1800 1244 1879 Quia
1254 1800 1281 1877 si
1290 1799 1390 1884 ,digua

241 1890 341 1977 digna
364 1905 522 1975 peterem,
540 1892 652 1977 procul
678 1891 781 1967 dubio.
800 1914 867 1961 suoe
890 1890 992 1977 precis
1014 1889 1207 1965 sortirentur
1229 1888 1388 1954 effectum·

241 1978 275 2043 ls
290 1990 401 2059 antem.
414 1978 524 2055 frater,
538 1978 579 2041 de
595 2001 659 2064 quo
675 1978 768 2046 nobis
784 2000 889 2043 sermo
901 1990 961 2055 est,
976 1977 1033 2064 qui
1047 1998 1112 2042 non
1125 1974 1286 2061 prosperis
1299 1996 1390 2042 erec·

241 2083 305 2145 tris,
322 2086 383 2143 pac
395 2064 565 2148 depressus
588 2065 738 2141 adversis,
756 2064 840 2129 inter·
855 2079 1025 2151 utrumque
1044 2076 1160 2130 tenens
1174 2062 1282 2130 medio
1296 2060 1391 2131 tutis-

244 2152 346 2222 sitinus
364 2150 455 2228 ibat5
492 2163 526 2213 et
550 2163 587 2215 ut
612 2150 660 2214 rei
683 2150 833 2250 probauit
859 2152 1003 2228 effectus,
1031 2150 1128 2235 digne
1151 2148 1250 2233 digua
1275 2161 1390 2233 petens

244 2235 384 2320 optinuit
406 2257 464 2319 per
481 2236 593 2311 Sancti
612 2249 729 2301 merita
743 2260 816 2336 quse
831 2238 956 2323 petivit.
984 2238 1084 2322 Cujus
1099 2259 1158 2305 uos
1172 2248 1271 2301 testes
1281 2256 1390 2304 sumus

244 2322 291 2400 ad
309 2322 449 2407 plebem,
466 2322 511 2389 de.
524 2346 589 2409 quo
604 2344 670 2391 nou
685 2323 799 2397 audita
810 2326 867 2389 sed
883 2324 951 2392 visa
964 2346 1140 2400 narramus,
1157 2346 1231 2409 quoe
1253 2320 1287 2386 in
1300 2334 1393 2387 utro-

243 2432 308 2495 que
324 2409 457 2479 homine
477 2410 558 2476 dura
572 2432 741 2495 perpessus
757 2425 822 2487 est3
839 2412 981 2477 exterius
996 2410 1127 2497 quidem
1142 2409 1233 2495 gravi
1248 2406 1392 2492 eorporis

243 2495 429 2572 infirmitate
444 2495 615 2573 detentus3
635 2496 721 2570 iatus
732 2520 810 2564 vero
825 2498 973 2569 tribuisti
985 2497 1090 2561 cordis
1105 2494 1252 2581 augustia
1266 2496 1395 2569 labora·

244 2582 302 2663 vit.
329 2583 373 2650 Et
387 2583 464 2650 licet
478 2583 508 2648 ei
522 2584 628 2649 vivere
644 2583 766 2657 Cristus
783 2585 890 2661 suerit,
905 2603 1013 2656 tamen
1027 2607 1095 2669 prae
1110 2580 1394 2669 augustibspiritiis

247 2668 352 2749 morbi
378 2670 437 2745 sibi
461 2670 587 2747 brorum
611 2673 810 2743 autumabat.
858 2672 954 2743 Hunc
981 2671 1090 2757 itaque
1113 2671 1246 2745 fratrem
1272 2666 1395 2752 duplici

246 2768 447 2841 praeventum
463 2756 677 2835 incommodo,
691 2758 785 2822 dolor
796 2757 975 2843 geminatus
990 2759 1032 2821 ab
1044 2757 1130 2822 omni
1140 2757 1284 2829 cibonuu
1296 2776 1396 2839 appe·

246 2842 308 2907 titu
325 2842 508 2927 suspendit3
533 2843 620 2908 omni
644 2866 684 2907 ue
699 2844 820 2927 saporis
837 2858 873 2909 et
887 2844 1031 2919 delectds
1046 2844 1185 2917 efficacia
1199 2864 1320 2920 carens,
1337 2840 1396 2905 tri·

246 2931 306 2994 bus
329 2928 442 2994 diebus
457 2952 534 2993 mon
550 2866 753 2995 manducavit
768 2953 873 3018 neque
892 2931 986 2996 bibit.
1031 2930 1146 3018 Siquid
1162 2943 1269 2994 tamen
1283 2950 1396 2992 neces-

248 3017 342 3081 sitate
367 3031 491 3081 naturoe
512 3016 663 3099 gustavit,
680 3018 797 3082 famem
819 3018 927 3104 potius
950 3017 1074 3083 irritare
1090 3040 1185 3104 quam
1201 3036 1395 3101 conpescere

245 3102 327 3179 selle
342 3103 545 3179 credebatur.
572 3104 632 3167 His
647 3103 695 3179 ita
707 3127 741 3169 se
756 3104 958 3183 habentibus,
972 3104 1026 3172 die
1037 3104 1241 3189 precedente
1253 3101 1396 3186 vigiliani

248 3190 440 3253 Sanctorum
467 3190 617 3273 Syrnonis
643 3203 677 3255 et
700 3191 809 3267 Judae,
835 3191 892 3277 qui
914 3205 992 3261 tunc
1015 3190 1179 3266 dominica
1201 3189 1392 3265 habebatur,

246 3295 321 3338 cum
338 3297 381 3337 ex
405 3296 493 3338 more
516 3274 631 3339 fratres
654 3275 696 3338 ad
712 3278 822 3361 epulas
845 3279 1060 3355 convenirent,
1076 3276 1267 3342 deliberavit
1285 3297 1396 3340 secum

247 3361 348 3439 liater
363 3361 416 3427 ille
432 3360 584 3446 quidnam
600 3375 720 3449 ageret,
738 3364 882 3450 eoquod
896 3366 984 3429 nulla
998 3364 1061 3429 cibi
1076 3365 1222 3429 voluntas
1244 3364 1330 3431 huuc
1352 3361 1397 3425 ad

248 3446 418 3534 prandium
434 3442 601 3525 inritabat.
650 3448 763 3521 Fretus
779 3451 915 3524 tandem
929 3451 1222 3528 melioreoonsilio,
1240 3450 1397 3535 optimam

245 3534 307 3601 sibi
322 3549 447 3620 partem
463 3535 571 3619 elegit,
588 3559 687 3622 quare
699 3554 861 3604 conventu
875 3562 909 3603 se
921 3539 1096 3615 reficiente,
1108 3538 1163 3604 ille
1173 3560 1282 3611 secum
1293 3535 1396 3607 societ

247 3621 472 3699 tautummodo
496 3622 633 3706 psalmos
660 3647 834 3702 assumens,
858 3627 891 3690 in
914 3625 1029 3711 quibus
1050 3647 1176 3710 semper
1203 3638 1290 3697 totus
1312 3634 1396 3698 erat,

248 3709 394 3777 ascendit
409 3708 443 3771 in
457 3709 611 3793 templum
628 3711 670 3773 ad
682 3712 871 3789 orationem,
889 3712 1018 3799 Deique
1035 3714 1188 3783 Sanctum
1203 3710 1314 3778 adiens
1327 3732 1397 3779 sese

247 3796 371 3879 recepit
393 3794 426 3857 in
446 3794 539 3872 atrio,
564 3818 738 3883 precesque
765 3798 868 3874 sudit3
890 3799 1084 3883 legationem
1106 3798 1237 3863 mittens
1259 3798 1396 3881 rogabat

249 3880 428 3952 Dominum
459 3894 496 3945 ut
531 3904 570 3945 ea
606 3882 666 3946 sibi
702 3883 856 3968 dirigeret
892 3908 965 3972 quae
995 3886 1080 3970 pacis
1110 3898 1185 3949 sunt
1209 3896 1245 3949 et
1272 3882 1396 3957 salutis.

250 3968 343 4034 Dum
378 3980 487 4047 autem
527 3966 604 4031 inibi
646 3968 765 4033 diutius
805 3986 923 4050 oraret,
955 3972 1087 4040 elevatis
1120 3994 1247 4043 sursum
1281 3970 1394 4047 oculis,

251 4053 360 4122 Sancti
391 4052 539 4125 scrinium
573 4054 592 4118 d
624 4055 723 4140 priori
755 4057 862 4131 fronte
892 4060 926 4122 in
957 4073 1049 4145 parte
1078 4058 1160 4128 vidit
1188 4081 1260 4129 esse
1287 4058 1397 4129 detea.

249 4153 330 4219 tum,
365 4140 546 4227 pallamque
575 4137 652 4228 ¹qual
693 4145 863 4229 tegebatur
907 4146 1093 4212 indecenter
1128 4162 1164 4211 et
1198 4142 1399 4228 inconposite

249 4228 324 4292 hinc
350 4227 424 4291 inde
450 4228 670 4303 fluctuantem.
731 4231 921 4317 Indignatus
950 4256 1046 4317 super
1074 4232 1124 4297 his
1175 4254 1254 4297 uum
1282 4229 1397 4303 altario

209 4365 211 4371 .
253 4314 364 4380 Sancti
390 4314 557 4398 specialius
584 4316 797 4396 ministrabat,
818 4319 960 4386 collectis
988 4320 1025 4389 in¹
1046 4342 1081 4387 se
1100 4255 1220 4395 viribus
1238 4342 1273 4383 se
1292 4328 1398 4387 totum

249 4400 417 4481 erexit,.et
432 4401 543 4467 annisu
559 4426 624 4491 quo
640 4404 757 4489 potuit,
775 4407 917 4477 scabello
932 4405 1110 4491 impositus,
1124 4406 1156 4469 in
1172 4406 1272 4474 altare
1290 4402 1400 4478 Sancti
