3142 5159
277 438 327 507 82
652 450 844 506 erusteus
869 452 922 505 oe
948 450 1052 506 usu

276 616 366 703 sequi
381 616 559 705 fugientem
575 618 641 679 tion
663 615 769 694 desiit,
786 636 956 702 quousque
977 614 1082 701 ipsum
1098 614 1184 679 ultr'a
1196 614 1317 678 montis
1333 614 1435 679 verti-

276 708 345 769 eein
363 703 511 792 usquein
528 703 643 768 vallem
668 704 867 789 praecipitem
884 724 977 767 ruere
992 702 1159 788 compulit.
1208 700 1308 783 Unde
1323 722 1432 787 usque

276 792 375 857 hodie
391 814 488 856 omne
511 809 623 856 neurus
647 814 689 856 ex
705 806 796 877 parte
808 790 940 855 australi
964 798 1028 877 qud
1042 789 1173 872 fugatus
1188 788 1313 854 corruit
1334 790 1431 875 quasi

275 879 310 943 iu
326 879 451 945 declivo
467 879 582 944 devexi
599 880 716 943 monus
729 880 877 963 pondere
889 878 1028 945 videtur.
1069 878 1160 944 Miro
1170 897 1249 941 sero
1259 878 1358 941 modo
1369 876 1431 941 ad-

279 967 341 1033 huc
377 966 509 1054 vestigia
538 967 670 1053 pedum3
702 966 853 1032 videlieet
883 985 949 1030 tarn
983 966 1092 1031 Seueri
1127 964 1300 1031 authberti
1330 969 1430 1051 quarn

277 1055 408 1132 diaboii,
436 1054 588 1120 hactenus
603 1077 664 1140 per
683 1059 762 1119 saxa
782 1054 938 1139 impressa
960 1053 1057 1121 fuisse
1083 1053 1242 1130 ridentum
1268 1072 1343 1140 quse
1369 1073 1432 1117 uec

276 1156 419 1207 vetustas
442 1144 596 1227 temporis
620 1140 723 1220 diluit3
740 1164 800 1206 nee
816 1146 909 1228 squde
932 1141 1080 1224 pluvialis
1103 1140 1256 1228 usquein
1280 1161 1429 1226 praesens

277 1230 386 1295 delere
408 1230 577 1315 prevaluit
593 1253 602 1306 3
626 1230 682 1294 sed
696 1229 866 1313 vestigium
886 1230 995 1293 Sancti
1020 1227 1192 1294 Guthberti
1208 1228 1284 1292 satis
1300 1227 1429 1292 decenti

278 1318 385 1382 formu
401 1320 581 1402 praemineu
598 1317 718 1382 diaboli
741 1317 944 1393 verniacum,
961 1316 1139 1394 incurvum,
1156 1334 1186 1379 rn
1233 1336 1374 1402 numque
1397 1330 1430 1379 et

278 1405 459 1469 distortum.
506 1404 699 1491 Quicunque
716 1427 793 1468 vero
809 1404 928 1469 debilia
943 1426 1000 1469 sua
1016 1406 1213 1469 membrave
1242 1402 1430 1490 languentia

279 1514 376 1576 supra
393 1492 441 1555 rel
452 1490 533 1557 infre
550 1492 661 1559 Sancti
675 1492 848 1558 Cuthberti
860 1492 994 1578 vestigia
1009 1492 1195 1578 impressere
1205 1492 1342 1556 salutem
1357 1512 1429 1576 per-

278 1594 445 1664 ceperunt.

586 1878 705 1975 [err.
723 1872 1120 1978 uxum-Maurum.

325 2119 404 2184 Post
420 2120 557 2183 multum
574 2141 650 2182 vero
668 2118 821 2202 temporis
841 2119 960 2183 Beatus
978 2120 1208 2184 Cutbbertusit
1229 2118 1349 2182 fluibus
1365 2118 1429 2183 lllis

279 2205 428 2274 abcessit.
460 2206 569 2292 Hujus
585 2206 681 2289 igitur
697 2205 758 2269 loci
775 2229 884 2290 pacem
897 2207 1073 2289 infringere
1086 2230 1182 2271 nemo
1194 2207 1301 2284 audet,
1315 2229 1429 2293 quarn·

279 2297 326 2357 vis
351 2295 434 2356 forte
454 2315 563 2376 regem
589 2293 639 2356 vel
662 2293 801 2378 aliquem
822 2296 1107 2378 praepotentiorem
1131 2309 1226 2358 terrae
1242 2294 1429 2379 peremisset

280 2394 311 2445 et
328 2380 391 2444 illic
404 2396 512 2465 posset
524 2380 586 2455 effu
612 2403 675 2445 ere.
703 2379 820 2473 qulus
845 2404 884 2445 ue
896 2382 1034 2468 aliquam
1047 2380 1213 2463 mulierem
1227 2381 1282 2445 illo
1295 2380 1429 2465 impune

278 2468 471 2545 introduxit,
499 2404 716 2554 quiairea'tus
748 2456 836 2533 durh
861 2483 949 2532 ertus
978 2464 1162 2533 mulieribus
1193 2464 1427 2533 habitationum

280 2578 410 2621 suarum
427 2555 592 2619 introitum
608 2554 782 2620 interdixit.
818 2556 915 2630 Quod
926 2579 1034 2620 eomes
1047 2556 1177 2642 quidam
1193 2556 1322 2633 Scotiae,
1338 2557 1428 2621 vide·

279 2644 354 2709 lieet
371 2644 487 2709 Madet
504 2643 647 2709 Maecrie
665 2642 754 2707 Mori
770 2643 804 2707 id
820 2657 869 2707 est
882 2639 966 2708 lilius
985 2640 1083 2720 Mori,
1100 2644 1326 2729 experimento
1342 2642 1428 2709 didi-

280 2732 349 2807 cit;
372 2734 448 2818 quia
463 2730 538 2795 dnrn
556 2731 696 2817 quodam
719 2744 866 2815 tempore
890 2750 973 2816 opus
988 2745 1203 2816 perpetrasset
1224 2731 1426 2817 puniendum

278 2834 393 2897 morte,
418 2819 502 2907 regis
531 2818 638 2883 David
662 2832 816 2902 ternpore,
840 2819 896 2881 illo
922 2816 1076 2969 c'onlirqtt,
1094 2832 1127 2883 et
1149 2820 1271 2883 diutius
1286 2821 1318 2881 iu
1346 2832 1427 2904 pace

277 2908 461 2991 permansit.
511 2906 692 2970 Novissime
709 2928 785 2969 vero
802 2926 935 2969 uxorem
951 2925 986 2969 et
1001 2909 1023 2969 ii
1038 2907 1082 2970 ius
1097 2906 1153 2970 illo
1163 2905 1353 2982 introduxit,
1371 2908 1426 2993 qul

278 3018 333 3059 eas
349 2995 557 3094 subsequens
572 2994 647 3058 dum
661 2994 702 3057 ad
715 2993 841 3077 fastigia
853 2994 914 3057 loci
924 2994 1029 3059 aditus
1041 2993 1197 3079 perreniq
1211 3013 1288 3058 mox
1299 2994 1331 3058 in
1343 3009 1427 3078 prae·

277 3105 352 3166 ceps
375 3096 491 3158 corurtr
510 3099 541 3145 et
552 3104 666 3145 coxam
679 3105 763 3167 genu
778 3081 952 3168 tibiamque
969 3100 1033 3146 tarn
1051 3082 1155 3145 valide
1171 3080 1322 3146 conuiiit
1337 3083 1426 3168 qnod

277 3170 366 3234 nulla
381 3184 455 3253 post
470 3170 602 3233 modum
619 3184 686 3233 erte
700 3170 805 3232 curari
821 3170 1000 3254 praevaluit.
1049 3168 1131 3233 Mori
1147 3168 1246 3256 igitur
1258 3171 1426 3233 mullerem

277 3256 394 3340 abegit,
418 3278 477 3319 nec
494 3278 635 3341 unquam
648 3269 772 3339 postea,
789 3256 871 3321 sieut
881 3280 940 3321 uec
956 3257 1053 3341 prius,
1067 3257 1182 3321 muller
1196 3257 1302 3343 aliqua
1317 3257 1427 3323 locum

275 3344 365 3409 illurn
382 3343 499 3407 intrare
509 3341 724 3428 praesumpsit.
772 3343 811 3407 Iu
825 3343 987 3408 Pictorum
1001 3346 1119 3409 linibus
1132 3340 1251 3409 Beatus
1262 3343 1427 3410 Cutbb'er-

277 3446 327 3497 tus
349 3431 424 3496 vitae
447 3430 596 3495 solitariae
612 3432 743 3494 colonus
756 3430 953 3517 aliquamdiu
969 3432 1087 3511 extitit
1101 3431 1155 3497 nbi
1178 3445 1352 3497 concursus
1367 3455 1426 3517 po·

274 3520 423 3605 pulornm
451 3520 490 3584 ad
508 3518 611 3605 ipsuln
635 3518 837 3583 invisendum
854 3521 973 3585 multus
995 3520 1180 3607 frequenter
1194 3520 1309 3598 fuerat,
1338 3522 1424 3608 qnia3

276 3608 340 3673 Dei
359 3607 463 3696 gratia
477 3607 679 3691 providente,
697 3606 806 3671 nullus
821 3619 938 3693 expers
954 3606 1184 3672 consolationis
1199 3610 1313 3692 gratita
1328 3609 1369 3673 ub
1385 3625 1427 3673 eu

276 3700 416 3761 recessit.
468 3696 567 3759 Senes
589 3695 699 3781 itaque
722 3714 795 3757 curn
822 3695 1004 3760 funio'ribus
1027 3695 1069 3759 ad
1092 3696 1182 3760 illum
1203 3692 1425 3774 'confluebantr

276 3783 352 3870 qnia
366 3783 450 3848 illius
466 3781 614 3869 alloquiis
630 3782 680 3846 vel
697 3718 879 3865 aspectibus
894 3784 1152 3869 congaudebant.
