3142 5159
697 461 791 513 VITA
820 457 956 511 saucrl

398 944 516 1037 [CAP.
532 939 638 1006 XXX
640 936 879 1088 Wlfflffl
893 938 1045 1005 mandatu
1058 943 1124 1005 suis
1139 942 1173 1004 in
1182 940 1254 1023 fiae

382 1258 456 1323 Jam
471 1251 605 1340 propior
621 1248 709 1315 coelis
725 1246 845 1313 morbis
860 1248 1045 1334 compulsus
1061 1249 1196 1327 anhelis,

383 1347 453 1411 Das
468 1339 622 1405 mandata
636 1336 726 1425 gregi
742 1335 861 1399 divinae
877 1356 1022 1421 congrua
1037 1336 1113 1425 legi,

388 1432 634 1513 Extremunque
649 1422 778 1489 valesio
794 1417 910 1510 linq'uis
926 1422 1101 1509 spirituale.

386 1528 410 1562 “
426 1513 560 1582 Pacifici
575 1512 652 1589 sitis,
669 1511 808 1575 vitantes
819 1510 928 1595 jurgia
944 1509 1019 1590 litis,

385 1615 408 1648 ‘⁶
426 1604 470 1667 Et
485 1624 542 1666 cor
557 1621 685 1684 semper
699 1598 787 1661 idem
802 1599 894 1664 vobis
909 1620 1000 1663 amor
1015 1599 1125 1687 alliget
1139 1598 1242 1675 idem3

386 1702 408 1736 “
423 1689 548 1773 Alliget
563 1687 595 1750 in
612 1684 753 1761 Christo,
769 1707 828 1749 nec
844 1685 1015 1751 discedatis
1031 1688 1072 1751 ab
1087 1689 1151 1752 isto
1164 1711 1173 1763 ;

386 1787 408 1823 “
423 1779 500 1842 Non
515 1772 713 1851 discordetis,
731 1773 810 1837 dum
824 1773 959 1837 consilio
975 1776 1138 1862 satagetis.

388 1874 411 1909 ‘⁶
429 1863 609 1928 Consilium
625 1860 720 1947 plane
736 1860 912 1925 concordia
927 1883 993 1925 non
1010 1862 1066 1926 dat
1081 1864 1187 1941 inane,

389 1962 413 1995 “
430 1952 517 2017 Nam
533 1948 616 2013 male
632 1948 789 2035 procedet
804 1947 866 2012 boc
882 1947 908 2013 si
924 1947 1084 2013 discordia
1105 1950 1227 2016 foedet:

387 2049 410 2085 “
430 2039 521 2113 Quos
545 2060 585 2101 ue
599 2036 665 2100 lide
681 2035 782 2099 claros
798 2035 929 2100 colitote
945 2058 1005 2120 per
1020 2038 1130 2102 omnia
1141 2061 1247 2113 caros:

386 2137 408 2172 “
425 2127 491 2190 His
504 2062 582 2189 diei
596 2124 680 2188 natis
691 2145 757 2187 non
771 2123 871 2207 pluris
886 2146 942 2187 vos
954 2123 1117 2201 babeatis3

389 2224 412 2259 ‘⁶
430 2211 574 2297 Hospitii
583 2211 657 2295 jura
672 2233 797 2275 summa
812 2210 963 2275 deducite
975 2233 1069 2289 cura3

390 2311 413 2345 ⁶⁶
431 2300 494 2364 His
509 2321 590 2397 rogo
605 2298 733 2374 servite,
749 2312 842 2383 parat
857 2298 921 2363 hoc
936 2299 991 2383 pia
1004 2298 1129 2363 foedera
1144 2300 1231 2366 vitae.

390 2398 413 2432 “
429 2386 608 2451 Catholrcae
623 2385 708 2470 pacis
724 2384 839 2472 procul
854 2384 961 2450 hostes
976 2386 1157 2473 aufugiatis,
1237 2408 1241 2415 ·

391 2485 413 2520 “
430 2472 501 2537 Nec
517 2495 590 2537 cum
606 2473 760 2557 perversis
776 2474 809 2536 in
821 2473 1057 2559 perfidiamque
1073 2477 1210 2540 reversis

390 2572 412 2607 ‘⁴
429 2565 612 2627 Consensus
625 2558 712 2635 facti,
728 2582 789 2625 nec
805 2562 846 2624 sit
862 2562 1047 2623 communio
1061 2564 1159 2647 pacti.

391 2660 413 2694 “
432 2648 506 2713 Hoc
522 2648 659 2711 retinete
675 2659 792 2725 ratum,
809 2647 898 2735 quod
913 2646 975 2712 erit
990 2662 1066 2732 post
1080 2648 1193 2715 funera
1206 2665 1344 2737 gratum,

391 2748 413 2782 ‘⁶
431 2736 541 2800 Rebus
557 2734 590 2797 in
606 2734 758 2812 adversis,
775 2735 867 2798 vobis
879 2734 911 2798 in
928 2733 1032 2799 tristia
1047 2736 1169 2815 mersis,

390 2835 412 2869 “
430 2825 514 2888 (lum
530 2821 635 2886 dubiis
650 2822 724 2886 fatis
739 2821 800 2887 erit
815 2821 973 2887 incertum
988 2822 1068 2910 quid
1082 2826 1195 2911 agatis,

390 2920 412 2955 “
429 2910 506 2975 Plus
523 2910 638 2994 placet,
656 2910 770 2974 effossa
784 2932 858 2974 mea
871 2932 930 2974 vos
946 2908 1065 2973 tollatis
1081 2924 1119 2975 ut
1134 2935 1215 2991 ossa,

392 3007 415 3042 ‘⁶
434 2997 477 3062 Et
492 3009 730 3082 comportantes
744 2996 817 3060 loca
830 2997 983 3083 linquatis
997 2996 1186 3081 fugitantes,

394 3095 415 3131 ‘⁶
434 3085 542 3158 Quam
552 3084 634 3170 juga
648 3107 824 3170 pravorum
838 3083 964 3149 ducatis
979 3083 1241 3167 scismaticorum,

394 3182 416 3216 “
433 3171 590 3257 Collaque
606 3171 749 3236 subdatis
765 3172 944 3236 fautoribus
960 3172 1142 3256 impietatis.

390 3269 413 3302 ‘⁶
428 3258 564 3322 Patrum
579 3257 739 3323 catholica
752 3260 806 3341 pia
822 3258 984 3347 dogmata,
1001 3260 1088 3343 pacis
1103 3262 1216 3341 amica,

392 3355 416 3390 ‘⁶
433 3343 592 3431 Quaeque,
609 3344 684 3409 Deo
698 3345 808 3423 dante,
825 3345 893 3409 fido
908 3345 968 3409 sibi
984 3368 1036 3410 me
1051 3347 1238 3429 famulante,
1247 3353 1255 3366 ’“

393 3442 417 3477 ‘⁶
434 3432 475 3496 In
490 3454 541 3495 me
556 3432 689 3510 vidistis,
714 3454 788 3519 quae
802 3443 914 3496 sancta
928 3432 1060 3519 quidem
1076 3434 1242 3517 didicistis,

396 3529 419 3563 “
436 3519 546 3608 Digne
561 3520 705 3597 servetis,
722 3533 887 3584 servantes
901 3542 1029 3605 semper
1043 3523 1175 3599 ametis3

392 3617 414 3651 “
429 3608 516 3673 Nam
531 3607 606 3671 licet
622 3606 713 3672 exilis
728 3606 850 3684 videar,
867 3607 1071 3695 vivendoque
1085 3608 1167 3687 vilis,

392 3704 414 3738 “
430 3695 509 3759 Post
525 3696 648 3760 obitum
664 3706 751 3759 certe
766 3708 911 3758 nostrum
928 3695 1064 3759 cernetis
1079 3710 1190 3781 aperte

391 3791 414 3824 “
434 3780 516 3855 Quis
532 3783 601 3860 sim,
618 3782 669 3846 vel
683 3781 797 3868 qualis,
815 3803 910 3867 quam
926 3782 991 3847 vita
1004 3782 1192 3869 spiritualim

394 3877 416 3911 “
430 3868 528 3943 Quod
541 3891 612 3934 mea
620 3868 767 3933 doctrina
777 3869 875 3933 fuerit
889 3870 993 3955 culpae
1006 3870 1192 3942 medicina.”

396 3956 479 4020 Haec
495 3955 550 4018 sed
567 3955 663 4018 ethis
680 3955 771 4039 pluro
785 3954 933 4032 dicendo,
950 3956 1012 4020 tuis
1027 3958 1206 4043 profutura,

395 4042 469 4107 Jam
484 4064 619 4129 regnum
637 4042 760 4106 Christi
781 4064 949 4106 scansurus
970 4043 1155 4110 disseruisti.

398 4129 554 4193 Excubiis
566 4130 647 4194 laetis
659 4129 727 4194 ibat
741 4150 810 4193 nox
821 4129 891 4214 ipsa
905 4131 1021 4217 quietis
1037 4156 1044 4196 ε

397 4216 490 4283 Luce
503 4218 751 4305 propinquante,
768 4228 802 4281 te
816 4215 895 4281 lucis
911 4218 1004 4305 Rege
1019 4231 1165 4297 vocante,

395 4303 566 4370 Transitus
578 4304 726 4383 instabat,
743 4305 799 4391 qui
814 4315 846 4369 te
861 4304 955 4368 nimis
970 4304 1180 4374 exlularabat.

399 4387 450 4459 Ut
464 4412 553 4461 saera
563 4392 631 4479 jam
645 4390 707 4459 rite
730 4392 865 4481 gustasti
880 4391 1002 4459 fercula
1016 4392 1101 4473 vita,
