3142 5159
264 489 324 557 tl.
707 500 799 553 vrrs
827 504 965 554 osv'rn'r

259 668 396 755 praesule
412 686 527 751 corpus
543 664 623 729 sacri
639 665 799 751 sanguinis
815 666 971 730 effusione
988 665 1064 730 Deo
1079 664 1232 744 dicatum,
1248 677 1283 729 et
1306 666 1413 731 lotum

257 755 363 841 primi>
386 752 598 817 mundissimis
621 752 795 817 involvitur
816 752 956 831 lintheis,
980 753 1098 817 deinde
1113 753 1217 837 palliis
1233 753 1411 838 preciosis3

260 858 293 908 et
318 844 350 907 in
374 842 538 905 mausoleo
561 863 635 904 cum
658 863 776 925 magno
795 840 918 904 honore
941 840 1145 905 reconditum
1159 840 1192 903 in
1207 840 1412 905 eminentiori

260 929 404 995 ecclesiae
425 928 504 992 'loco
530 928 717 992 collocatur.
779 928 960 995 Lavacrum
984 927 1093 1011 igitur,
1109 950 1176 1027 quo
1198 928 1343 991 ablutum
1359 941 1411 992 est

259 1040 374 1103 corpus
398 1015 640 1092 sanctissimum,
663 1015 695 1079 in
718 1016 838 1103 angulo
853 1015 985 1080 oratorii
1001 1015 1044 1079 ad
1058 1015 1242 1101 aquilonem
1258 1015 1412 1100 episcopo
1437 1050 1444 1060 ·

260 1128 303 1170 cx
330 1102 486 1169 industria
507 1102 714 1188 praecipiente
739 1103 933 1167 transfusum
949 1116 1010 1167 est.
1059 1102 1159 1177 Quod
1172 1101 1282 1166 multis
1297 1116 1413 1187 postea

259 1192 391 1279 profuit,
407 1212 471 1254 non
487 1189 589 1255 solinu
605 1188 798 1267 hominibus,
815 1189 983 1255 sedetiam
998 1189 1196 1267 animalibus,
1215 1189 1310 1253 variis
1325 1211 1415 1253 mor-

259 1281 375 1345 borum
387 1280 557 1363 generibus
572 1276 803 1341 laborantibus.
850 1276 937 1341 Nam
951 1277 1101 1365 quotiens
1110 1277 1235 1340 sontico
1245 1277 1302 1341 vel
1312 1276 1413 1340 iuter-

258 1367 368 1452 polato
393 1366 507 1428 morbo
530 1365 722 1448 gravabatur
740 1364 792 1427 vel
818 1365 984 1429 homiuum
1008 1364 1057 1429 vel
1078 1364 1263 1429 animalium
1284 1377 1411 1442 natura,

258 1454 363 1539 pulvis
387 1475 478 1515 sacro
502 1451 652 1515 lavachro
679 1473 878 1536 conspersus,
903 1452 1032 1516 modico
1051 1474 1144 1539 aquae
1167 1450 1314 1539 injectus,
1338 1452 1411 1515 eta

260 1540 433 1625 languente
456 1539 539 1626 aqua
557 1538 718 1612 mediante
734 1539 877 1617 haustus,
894 1540 1077 1604 citissimam
1091 1539 1278 1603 conferebat
1293 1537 1414 1604 sanita-

260 1643 328 1693 tem
343 1642 377 1692 et
392 1626 541 1690 collatam
556 1625 749 1711 protractius
768 1628 989 1691 conservabat.
1037 1627 1137 1691 Facta
1151 1640 1201 1691 est
1215 1639 1325 1691 autem
1339 1626 1411 1689 haec

261 1715 404 1780 inventio
420 1714 528 1777 Sancti
548 1713 646 1798 Regis
669 1726 703 1778 et
720 1714 875 1799 Martyris
895 1713 1027 1793 Oswini,
1044 1736 1130 1777 anno
1146 1714 1163 1778 a
1179 1713 1326 1798 passione
1341 1715 1412 1797 ejus

282 1800 575 1887 undringentesimo
599 1813 714 1889 quarto
740 1801 877 1879 decimo,
896 1801 1045 1865 videlicet
1075 1823 1159 1865 anno
1186 1800 1412 1865 incarnationis

260 1826 445 1955 bominicae
465 1888 634 1953 millesimo
652 1882 864 1973 'sexagesimo
889 1889 1014 1975 quinto,
1047 1888 1160 1975 quinto
1183 1886 1256 1952 idus
1284 1888 1412 1953 Martii.

263 1978 307 2042 Et
329 1978 405 2065 quia
427 1976 599 2061 praedictus
618 1978 736 2041 Comes
754 1976 908 2040 Thestius
927 1976 1081 2040 interesse
1098 1988 1219 2041 sanctae
1234 1975 1412 2040 inventioni
1508 1988 1512 1996 ⁴
1549 1995 1550 2040 t

260 2066 293 2129 in
309 2066 431 2130 ditione
447 2065 504 2127 sud
525 2063 621 2128 factae
645 2064 757 2139 noluit,
775 2064 891 2128 eodem
914 2086 998 2128 anno
1013 2062 1114 2147 culpis
1129 2064 1192 2127 suis
1208 2062 1411 2147 exigentibus

261 2153 302 2217 ab
321 2153 499 2236 Anglcrum
519 2173 619 2235 regno
646 2151 809 2236 expulsus,
832 2151 919 2236 apud
942 2151 1164 2215 Baldevrinnm
1181 2151 1412 2215 Flandrensem

264 2241 438 2316 Comitem,
455 2238 545 2321 cujus
561 2238 659 2301 filiam
687 2238 747 2302 sibi
773 2239 978 2302 matrimonio
1012 2239 1230 2323 copulaverat,
1257 2237 1412 2302 exulavit.

265 2327 309 2390 Et
324 2327 473 2413 sequenti
492 2346 576 2389 anno
591 2324 726 2389 Haraldi
742 2326 827 2409 regis
843 2326 969 2410 Angliae
984 2339 1016 2389 et
1031 2326 1138 2391 fratris
1153 2325 1202 2388 sui
1217 2325 1326 2413 gladio
1338 2346 1411 2390 curu

262 2412 527 2499 Norreganorum
538 2434 617 2497 rege
632 2412 788 2491 Haraldo,
805 2412 838 2475 in
854 2414 927 2477 loco
942 2414 997 2500 qui
1013 2427 1089 2477 tuuc
1112 2411 1408 2501 Stanfordebrigge,

260 2524 345 2567 nunc
362 2524 438 2565 vero
457 2500 542 2564 Pons
562 2500 645 2565 Belli
660 2500 789 2579 dicitur,
806 2501 848 2565 de
870 2501 980 2565 medio
995 2501 1138 2564 sublatus
1161 2513 1222 2564 est.
1282 2498 1342 2564 His
1365 2502 1412 2563 ita

262 2591 372 2676 gestis,
400 2588 568 2675 episcopus
596 2588 795 2673 AEgelwinus
818 2588 998 2653 Comitissae
1013 2588 1128 2652 Judith
1147 2609 1211 2650 non
1230 2587 1409 2663 immemor,

261 2678 392 2762 capillos
408 2677 510 2741 sancti
525 2676 653 2741 verticis
670 2675 757 2761 apud
772 2690 974 2763 sequestrum
989 2675 1074 2739 inter
1095 2676 1269 2739 lavandum
1290 2672 1410 2758 posuit,

261 2788 342 2851 quos
365 2764 504 2849 putredo
526 2785 591 2827 non
614 2776 865 2847 consumpserat,
883 2775 1025 2827 vetustas
1040 2785 1104 2826 non
1120 2777 1319 2847 corruperat,
1340 2783 1414 2825 ver-

261 2853 321 2916 mis
344 2852 483 2937 denique
506 2850 538 2913 in
560 2850 649 2913 nullo
671 2850 810 2926 laeserat,
835 2866 869 2914 et
892 2863 1024 2934 peracto
1038 2848 1266 2914 convenienter
1281 2847 1415 2913 mansla-

262 2939 359 3005 tionis
389 2938 505 3016 officie,
537 2960 645 3002 secum
675 2937 718 3002 ad
750 2937 955 3003 Comitissam
981 2959 1054 3001 cum
1081 2938 1204 3002 summa
1233 2934 1413 3000 reverentia

263 3027 391 3093 detulit.
465 3026 568 3090 Porro
602 3025 711 3089 Sancti
741 3048 857 3112 corpus
888 3039 998 3090 utrum
1028 3039 1194 3111 repertum
1230 3024 1272 3089 sit
1308 3036 1415 3088 totum

263 3114 475 3200 corruptionis
506 3114 656 3191 alienum,
682 3137 723 3177 an
750 3136 845 3178 carne
871 3112 1050 3198 putredinis
1076 3112 1188 3177 debito
1213 3111 1412 3195 consumpta,

263 3203 382 3267 ossium
404 3213 439 3265 et
460 3200 647 3285 capillorum
670 3200 840 3287 integritas
864 3201 904 3264 sit
927 3200 1112 3284 dignatione
1135 3223 1288 3284 supernae
1299 3197 1414 3287 gratiae

262 3301 436 3364 reservata,
460 3310 526 3351 non
555 3287 682 3371 legitur,
712 3300 745 3352 et
768 3288 842 3352 ideo
865 3288 992 3352 definiri
1015 3302 1126 3352 nostro
1146 3288 1221 3352 stilo
1244 3310 1309 3351 non
1332 3308 1416 3371 prae·

264 3378 411 3442 sumitur.
474 3373 590 3459 Capilli
621 3387 729 3439 tamen
759 3375 827 3439 sine
859 3375 958 3439 dubio
992 3375 1179 3460 incorrupti,
1210 3397 1346 3460 corpore
1380 3372 1415 3435 in

237 3510 241 3516 -
263 3466 430 3552 pulverem
442 3463 586 3540 redacto,
600 3462 734 3527 inveniri
747 3475 934 3547 potuerunt.
971 3463 1119 3527 Vidimus
1131 3462 1250 3550 quippe
1262 3461 1339 3528 boni
1351 3473 1416 3525 tes-

264 3550 388 3618 timonii
406 3552 499 3630 virm,
515 3550 570 3638 qui
586 3550 702 3615 vidisse
718 3574 752 3615 se
768 3550 998 3635 perhibuerunt
1013 3552 1200 3635 corporibus
1214 3567 1416 3613 mortuorum

265 3640 473 3724 consumptis,
490 3639 621 3724 capillos
637 3662 749 3703 eorum
765 3639 977 3724 incorruptos,
991 3639 1033 3702 de
1048 3661 1184 3725 quorum
1201 3650 1310 3702 tamen
1325 3658 1417 3701 sanc·

265 3730 358 3794 titate
382 3728 461 3791 nihil
483 3727 663 3791 audierunt.
712 3727 893 3811 Eapropter
915 3727 1019 3791 multb
1041 3725 1225 3791 credibilius
1245 3738 1306 3803 est,
1330 3723 1416 3787 idem

265 3816 438 3903 contigisse
454 3814 486 3877 in
514 3815 632 3878 Sancto
647 3814 688 3877 de
704 3816 795 3898 cujus
817 3814 920 3897 gloria
934 3812 1106 3877 certissim&
1122 3826 1259 3891 constat,
1277 3812 1351 3878 licet
1374 3810 1416 3874 de

265 3903 406 3988 corporis
431 3905 499 3988 ejus
529 3900 767 3985 incorruptione
797 3924 861 3965 non
891 3902 1083 3965 omnimodis
1112 3898 1250 3965 constet.
1311 3898 1417 3987 Igitur

265 4004 448 4076 praepotens
460 4002 492 4054 et
506 3989 625 4054 devota
640 3987 768 4067 femina,
782 3988 856 4052 visis
876 3989 985 4053 Sancti
1002 3988 1103 4073 Regis
1115 3988 1236 4074 capillis
1251 3988 1417 4071 incorrup-

266 4079 317 4157 tis,
335 4078 491 4142 admirata
506 4089 555 4141 est
570 4076 804 4155 vehementius,
821 4078 879 4141 sed
898 4076 1045 4142 devotibs
1060 4076 1181 4161 gavisa.
1230 4075 1416 4161 Videasque

267 4167 394 4232 turbam
419 4188 482 4229 non
506 4164 676 4242 modicam,
701 4187 774 4251 quae
801 4165 960 4250 pontificis
985 4165 1048 4229 iter
1072 4164 1225 4229 comitata
1250 4162 1366 4240 fuerat,
1383 4173 1417 4227 et

265 4267 448 4320 sanctorum
461 4252 649 4338 capillorum
665 4252 907 4317 indemnitatem
923 4252 1080 4331 audierat,
1095 4251 1197 4317 voluit
1208 4274 1264 4316 eos
1279 4250 1417 4315 solidare

265 4344 298 4407 in
310 4343 375 4408 fide
385 4356 418 4407 et
434 4339 542 4406 Sancti
559 4339 678 4404 Oswini
694 4339 878 4406 devotione.
926 4340 1120 4425 Praecipiens
1132 4340 1241 4426 itaque
1253 4338 1418 4423 copiosum

265 4432 373 4521 ignem
389 4428 521 4494 accendi
544 4427 576 4492 in
591 4428 699 4492 medio
714 4429 797 4495 aulae
812 4431 922 4514 regiae,
939 4428 1070 4512 capillos
1085 4428 1179 4492 lateri
1201 4424 1419 4513 superpositos

266 4518 373 4585 voraci
396 4518 534 4585 flammae
558 4516 686 4602 injecit3
711 4517 767 4582 sed
782 4517 911 4581 flamma
926 4515 1042 4580 sanctis
1058 4514 1179 4601 capillis
1196 4514 1241 4579 nil
1262 4511 1419 4579 molestiae
