3142 5159
430 423 433 428 ¹
529 439 647 547 auara
666 468 885 517 neritonum.
1237 457 1282 520 41

151 634 296 723 privavit.
344 632 511 719 Parv'oque
531 632 709 709 intervallo,
726 631 873 715 gravibus
897 629 1036 694 febribus
1052 632 1136 696 uude
1158 648 1287 698 venerat

150 726 308 791 'Sanctum
334 720 494 785 Albanum
518 720 624 797 rediit,
650 719 738 806 quasi
767 720 910 782 locorum
948 720 1126 785 mutatione
1152 721 1289 786 febrium

90 854 93 857 -
154 824 263 895 posset
288 808 469 873 accessione
495 808 647 893 effugere.
668 862 670 869 .
707 808 819 893 Ibique
839 828 896 891 per
915 806 994 870 duos
1010 830 1132 872 menses
1148 822 1180 873 et
1195 811 1289 875 semis

155 898 265 963 durius
292 896 452 975 detentus,
476 896 518 960 ad
542 911 689 965 extrema
711 893 893 980 pervenisse
916 894 1105 972 videbatur3
1128 920 1201 961 cum
1216 921 1290 962 ecce

161 986 296 1050 Sanctus
312 984 386 1047 Rex
400 1000 434 1049 et
449 984 576 1070 Martyr
590 981 735 1049 Oswinus
751 982 863 1045 inviso
877 981 979 1046 astitit
987 983 1111 1047 mulieri
1120 985 1289 1070 religiosae,

156 1072 190 1136 in
212 1072 326 1157 aegroti
347 1072 522 1135 ministerio
544 1080 654 1135 noctes
678 1070 808 1134 ducenti
831 1069 1000 1148 insomnes,
1017 1094 1162 1157 quaerens
1185 1075 1225 1138 ab
1240 1076 1289 1151 ea,

158 1171 181 1203 “
194 1160 345 1237 Putasne,
371 1160 495 1237 mulier,
520 1158 759 1223 dissolutionem
783 1158 925 1242 corporis
947 1158 1022 1222 buic
1044 1172 1168 1244 aegroto
1191 1162 1293 1225 immi-

156 1271 232 1313 nere
247 1250 282 1313 ?”
350 1257 371 1290 ‘⁶
400 1247 534 1334 Utique,
566 1246 706 1322 domine,
738 1244 899 1324 domine,’'
928 1247 1103 1331 respondit,
1137 1250 1294 1315 “Omnia
1376 1287 1380 1293 ·

158 1337 277 1424 quippe
303 1337 414 1401 mortis
440 1335 530 1420 signa
555 1347 748 1399 concurrunt
778 1332 812 1396 in
837 1334 906 1397 eo.’'
953 1334 1006 1397 Ad
1025 1358 1121 1421 quarn
1148 1338 1294 1402 Sanctus.

158 1435 183 1466 “
197 1424 241 1489 Et
255 1446 353 1511 quare
368 1423 413 1487 sic
435 1421 710 1488 irremediabiliter
734 1434 921 1507 torqueatur
935 1422 1017 1485 nosti
1029 1424 1064 1487 ?”
1109 1424 1293 1490 “Minime”

158 1512 204 1577 ait
229 1512 420 1576 “domina”
467 1509 596 1584 “Quia
618 1510 705 1594 apud
720 1508 983 1595 Tyuemudtham
1005 1510 1196 1592 columbam,
1221 1538 1295 1601 quae

159 1600 202 1665 ad
217 1600 341 1664 tumbae'
353 1622 433 1663 meae
448 1598 605 1682 refugium
618 1597 816 1681 confugerat,
831 1596 986 1662 violenter
1001 1596 1046 1662 ibi
1060 1600 1187 1680 occidit,
1199 1616 1232 1667 et
1247 1624 1297 1666 as-

159 1688 310 1773 portavit.
358 1687 430 1774 Ego
454 1685 539 1750 enirn
565 1708 635 1748 sum
664 1685 798 1748 Sanctus
829 1683 985 1763 Oswiuus‚
1009 1686 1063 1773 qui
1085 1689 1170 1773 apud
1188 1690 1299 1778 Tyne-

161 1774 328 1839 mudtham
339 1772 537 1859 requiescere
552 1772 710 1835 dinoscor.
759 1770 824 1835 Sed
837 1770 862 1833 si
875 1773 1096 1840 convalescere
1110 1777 1247 1843 voluerit
1256 1779 1298 1843 de

162 1863 252 1927 febre
289 1862 331 1925 ud
344 1861 479 1938 laborat,
495 1859 657 1944 resipiscat
672 1860 713 1923 de
728 1860 922 1945 praesumpta
939 1862 1118 1928 temeritate
1131 1888 1140 1940 3
1163 1877 1196 1929 et
1212 1866 1299 1931 veni-

162 1974 219 2017 ens
247 1885 290 2014 ad
309 1950 451 2013 tumbam
475 1964 589 2024 meam,
618 1950 706 2033 cujus
736 1946 868 2010 violavit
895 1970 1017 2033 pacem,
1048 1950 1299 2036 indignationem

161 2060 267 2103 meam
281 2049 389 2102 arceat
403 2036 466 2101 ase
481 2034 638 2119 condigna
652 2034 895 2099 satisfactione.”
943 2037 1024 2101 Haec
1039 2038 1146 2103 dicens
1166 2041 1300 2106 Sanctus

163 2126 330 2211 disparuit,
348 2138 381 2189 et
398 2124 512 2188 mulier
534 2122 760 2208 expergefacta
780 2122 945 2208 languenti
962 2126 1075 2210 juveni
1091 2127 1241 2194 visionem
1257 2154 1300 2195 ex

163 2213 276 2279 ordine
299 2212 420 2279 retulit.
481 2210 546 2285 Qui
572 2211 679 2275 statim
703 2212 743 2276 de
766 2210 935 2276 commisso
956 2214 1123 2297 poenitens,
1147 2216 1188 2281 de
1211 2219 1301 2282 satis-

164 2302 303 2373 factione
338 2301 457 2365 Sancto
482 2298 620 2385 Martyri
645 2298 790 2364 facienda
818 2299 980 2365 humiliter
1008 2305 1235 2388 compromisit,
1267 2325 1301 2371 et

164 2389 260 2455 febris
286 2412 362 2455 eum
390 2388 544 2454 continuo
569 2387 707 2474 reliquit.
782 2387 884 2451 Sanus
914 2388 1057 2468 effectus,
1087 2393 1302 2475 promissionis

166 2480 333 2542 immernor
348 2477 399 2542 vel
414 2474 638 2553 dissimulator,
655 2474 838 2539 executioni
860 2476 1018 2541 mandare
1034 2479 1177 2561 neglexit
1192 2495 1303 2546 votum

191 2565 256 2629 uod
271 2563 369 2630 vovit.
432 2562 498 2637 Qui
512 2563 628 2625 iterum
642 2561 756 2625 morbo
774 2582 951 2647 correptus,
968 2563 1001 2627 in
1016 2565 1202 2654 languorem
1218 2569 1304 2633 deci-

194 2656 218 2717 't
230 2675 239 2729 ;
270 2664 304 2717 et
324 2664 487 2737 postremo
511 2671 625 2714 cancer
650 2671 778 2734 serpens
803 2649 967 2734 superiora
991 2653 1059 2737 ejus
1075 2657 1252 2741 occupavit,
1269 2672 1304 2722 ct

169 2740 298 2806 oculum
318 2740 408 2824 cujus
431 2738 500 2802 visu
527 2737 612 2822 apud
641 2737 902 2823 Tynemuntham
920 2738 1060 2823 privatus
1082 2758 1140 2821 est,
1161 2744 1181 2808 a
1199 2745 1304 2831 capite

170 2830 238 2915 ejus
252 2828 378 2892 evulsit.
434 2826 479 2892 Et
497 2826 541 2890 sic
557 2825 709 2910 paulatim
725 2826 888 2904 deficiens,
909 2828 952 2891 ad
973 2844 1118 2895 extrema
1133 2833 1306 2917 perductus

168 2928 231 2993 est3
247 2928 281 2980 et
295 2915 349 3003 qui
361 2916 464 2979 noluit
478 2924 551 2978 'cunr
562 2927 679 2999 posset,
693 2913 789 2999 coepit
805 2914 886 2978 velle
901 2937 975 2980 cum
989 2939 1052 2981 non
1064 2934 1171 3003 posset
1188 2922 1308 2986 Sancto

173 3003 304 3069 Oswino
324 3002 514 3068 satisfacere.
562 3000 667 3087 Hujus
693 3001 838 3066 miraculi
863 3002 990 3069 auditor
1013 3006 1169 3085 attendat,
1186 3011 1307 3095 quanta

170 3091 442 3157 animadversione
454 3092 589 3157 Sanctus
606 3088 751 3155 Oswinus
763 3090 952 3157 exardescat
963 3092 996 3155 in
1011 3116 1077 3171 eos,
1094 3096 1147 3181 qui
1162 3096 1308 3161 homines

170 3180 213 3245 ad
227 3203 315 3246 suam
331 3201 442 3266 pacem
468 3177 688 3262 confugientes
710 3179 894 3256 exturbant,
910 3181 966 3265 qui
985 3180 1081 3245 etiam
1097 3183 1258 3250 volucrem
1274 3187 1307 3249 in

171 3292 231 3333 suo
243 3268 392 3354 praesidio
407 3267 447 3331 de
462 3265 569 3331 medio
585 3266 751 3345 sublatam,
769 3268 858 3331 tanta
867 3266 1039 3334 vindicavit
1055 3269 1264 3339 districtione.

176 3528 274 3595 CAP.
298 3520 368 3591 XX
370 3528 665 3606 VIIl.-—Quomodo
687 3530 805 3605 mulier,
828 3532 866 3593 de
886 3534 1017 3597 muare
1031 3555 1089 3615 per
1102 3557 1169 3600 cum
1190 3539 1310 3619 recepta

262 3620 387 3697 ingrata
409 3625 439 3679 et
460 3618 628 3691 incredulo,
653 3620 762 3679 iterum
786 3626 832 3681 eat
855 3620 1013 3701 infimata
1023 3644 1038 3698 ,·
1062 3626 1115 3687 sed
1137 3628 1261 3689 credens
1282 3634 1312 3689 et

260 3704 421 3787 confidens,
437 3706 680 3768 messanensem
694 3707 816 3787 recepit.

224 3878 262 3943 In
280 3878 409 3943 civitate
424 3877 587 3955 Dunelmi,
602 3880 750 3965 quaedam
770 3880 866 3946 vidua
882 3882 1004 3947 sontica
1017 3884 1165 3950 laborans
1180 3888 1312 3977 aegritu-

178 3965 253 4029 dine
279 3968 312 4030 in
335 3967 454 4031 lectulo
480 3990 539 4030 suo
564 3967 736 4046 decubans,
764 3982 799 4033 et
824 3969 890 4033 fere
916 3970 1094 4055 desperata,
1119 3976 1312 4041 tandem'ad

182 4054 334 4117 Sanctum
360 4053 484 4138 Regem
506 4068 540 4119 et
565 4054 742 4143 Martyrem
770 4056 934 4122 Oswinum
955 4082 1108 4126 conversa
1130 4077 1190 4142 est,
1214 4066 1312 4130 etde

178 4141 247 4226 ejus
262 4140 463 4206 miseratione
478 4142 614 4206 multum
629 4144 758 4207 confisa.
799 4144 945 4210 Tandem
957 4161 1066 4213 votum
1078 4151 1166 4215 vovit
1181 4153 1312 4229 Sancto,

178 4241 212 4294 et
227 4227 354 4293 sanitati
369 4243 488 4314 optatae
503 4231 651 4295 restituta
665 4244 712 4295 est
728 4232 890 4297 continuo.
935 4236 1221 4325 Appropiuquante
1237 4262 1315 4303 vero

184 4315 293 4383 Sancti
312 4315 410 4401 Regis
429 4317 586 4402 passione,
603 4318 716 4383 mulier
731 4318 773 4383 ad
792 4320 979 4388 solvendum
995 4337 1103 4390 votum
1119 4350 1154 4392 se
1169 4326 1316 4412 accinge-

179 4406 259 4480 bat3
281 4424 315 4469 et
334 4404 443 4469 Sancti
457 4406 643 4471 memoriam
658 4407 745 4472 adire
761 4407 963 4494 disponebat.
1005 4412 1048 4477 Et
1062 4436 1137 4478 ecce
1152 4414 1259 4502 aliqua
1273 4416 1315 4480 de

179 4492 288 4558 vicinis
307 4492 371 4557 suis
390 4515 543 4578 organum
562 4494 711 4560 Sathanae
730 4496 887 4585 suggessit
902 4499 943 4580 ei,
960 4522 1024 4565 nou
1039 4501 1158 4567 meritis
1173 4515 1316 4570 curatam
