3142 5159
109 450 115 473 '¹
280 454 330 527 56
718 478 810 528 vrra
839 477 976 529 oswrnr

277 640 345 723 ejus
371 637 547 716 Oswinum,
571 638 788 703 Cuthbe'rtum
803 638 956 704 attentius
971 639 1175 705 invocabant.
1223 630 1333 706 Pridie
1349 661 1430 707 vero

277 748 372 812 quam
392 725 558 790 'translatio
582 726 691 790 Sancti
709 726 911 791 Confessoris
930 728 1068 805 adesset,
1089 726 1205 792 accidit
1220 741 1257 792 nt
1271 730 1427 813 magistet·

276 812 411 877 carceris
432 812 642 877 descenderet
663 813 705 877 ad
729 816 854 877 vinctos
876 832 962 893 suos,
985 827 1021 877 ut
1038 813 1162 879 videret
1181 814 1333 900 quidnam
1348 835 1426 903 age·

275 914 368 975 rent;
384 912 417 963 et
432 900 550 984 reperit
567 899 598 961 in
614 899 740 977 solario,
757 899 844 985 quod
861 899 1045 965 imminebat
1054 901 1150 985 capiti
1163 920 1286 979 eorum,
1300 901 1426 987 lignum

276 986 451 1072 quoddam,
474 986 562 1073 quod
581 986 678 1069 vulgo
694 987 808 1071 planca
822 986 950 1065 dicitur,
967 987 1102 1051 fortasse
1118 1007 1193 1052 casu
1208 987 1228 1051 a
1242 1010 1300 1052 suo
1320 1010 1426 1053 remo-

276 1086 346 1136 tum
361 1074 484 1138 ordine.
524 1073 666 1138 Credcns
682 1072 743 1136 hoc
760 1095 803 1137 ex
818 1094 930 1137 eorum
942 1090 1011 1139 arte
1024 1074 1076 1138 vel
1087 1074 1216 1163 ingenio
1228 1075 1425 1159 pervenisse,

274 1160 383 1224 accitis
406 1160 500 1225 sociis
523 1180 650 1223 omnem
674 1180 752 1224 mox
775 1173 866 1224 actus
889 1160 923 1223 in
946 1160 1041 1239 viam,
1059 1161 1212 1225 instaurat
1228 1182 1354 1239 nervos,
1372 1184 1426 1227 su-

273 1246 421 1331 peraddit
444 1247 572 1310 vincula
597 1246 718 1322 vinclis,
743 1246 800 1309 dat
822 1247 925 1331 poenis
947 1267 1068 1332 poenas,
1092 1262 1126 1312 et
1150 1249 1264 1333 pugnis
1288 1267 1426 1333 corpora

162 1370 164 1377 ·
274 1333 372 1397 cedit.
421 1332 669 1420 Ascendens'que
693 1333 734 1397 d'e
757 1348 894 1410 carcere,
915 1332 1055 1399 devovet
1070 1358 1105 1399 se
1120 1355 1184 1399 non
1199 1334 1248 1399 bis
1264 1348 1426 1400 comestu-

273 1442 356 1498 rum,
388 1420 447 1483 nisi
477 1442 532 1484 eos
563 1418 737 1504 suspendio
767 1420 854 1505 prius
881 1421 1038 1505 abegerit.
1086 1421 1147 1485 lllo
1176 1422 1275 1510 igitur
1304 1422 1428 1487 frustra

274 1510 438 1592 cogitante
458 1507 499 1571 de
515 1507 698 1592 suspendio,
716 1508 873 1591 benignus
890 1507 981 1571 Deus
996 1506 1048 1593 pie
1063 1508 1204 1593 disponit
1219 1509 1261 1573 de
1277 1509 1426 1594 praemio.

277 1594 433 1681 Sequenti
460 1594 546 1658 enirn
569 1606 665 1659 nocte
689 1594 722 1657 in
738 1594 842 1679 primo
868 1594 972 1659 noctis
998 1595 1182 1674 conticinio,
1208 1596 1316 1661 subito
1341 1619 1427 1684 qno-

270 1682 417 1745 rumdam
434 1681 559 1745 vincula
574 1682 800 1757 solvebantur;
816 1695 850 1746 et
865 1681 910 1744 illi
924 1704 1003 1746 mox
1017 1683 1059 1747 de
1070 1681 1180 1746 divino
1191 1696 1426 1767 praesumentes

271 1767 403 1849 auxilio,
429 1768 487 1832 sibi
511 1767 648 1833 invicem
671 1769 909 1833 succurrebant.
958 1768 1023 1832 Alii
1045 1768 1123 1834 alios
1146 1770 1344 1849 enodabant,
1367 1768 1425 1835 alii

271 1855 389 1920 virtute
412 1854 475 1941 qud
497 1868 646 1940 poterant
668 1854 813 1919 manibus
836 1854 964 1919 vincula
982 1856 1247 1942 'confringebant3
1262 1870 1294 1921 et
1303 1858 1373 1942 jam
1389 1858 1425 1921 in

268 1943 405 2028 pedibus
428 1943 648 2020 consistentes
672 1941 714 2006 de
735 1964 795 2006 suo
817 1942 990 2027 plurimum
1004 1943 1258 2009 sollicitabantur
1278 1964 1422 2029 egressu.

271 2030 460 2117 Apertoque
483 2029 635 2093 secretius
660 2028 679 2093 a
702 2028 804 2093 latere
826 2028 961 2093 carceris
977 2031 1106 2095 occulto
1121 2030 1289 2110 foramiue,
1306 2054 1421 2097 omnes

274 2117 394 2201 egressi
414 2128 507 2192 sunt;
531 2128 565 2180 et
579 2116 655 2215 quia
669 2115 807 2200 plurima
821 2137 893 2200 pars
908 2116 1106 2181 vinculorum
1122 2118 1265 2203 ipsorum
1279 2118 1424 2203 vestigiis

271 2202 389 2281 inerat,
409 2224 506 2290 quam
525 2204 693 2287 effringere
709 2202 797 2266 nulla
811 2203 931 2267 virtute
947 2205 1108 2283 valebant,
1125 2218 1217 2291 parte
1232 2205 1421 2290 corporibus

270 2290 467 2367 adhaerente,
493 2303 618 2374 partem
642 2290 815 2374 portabant
838 2290 872 2353 in
894 2292 1051 2369 manibus,
1076 2309 1118 2357 ne
1140 2292 1166 2355 si
1189 2292 1310 2357 ferrum
1324 2292 1422 2357 altius

270 2390 437 2441 resonaret
463 2377 514 2465 (ut
539 2376 635 2440 moris
662 2390 711 2441 est
738 2377 924 2465 anulorum)
949 2378 1027 2442 dum
1053 2378 1251 2458 incederent,
1276 2380 1421 2465 ipsorum

219 2486 223 2494 ·
268 2464 492 2549 propalaretur
514 2480 693 2540 secretum3
716 2477 864 2552 essetque
887 2486 945 2549 per
966 2464 1028 2529 hoc
1051 2464 1240 2531 novissimus
1262 2487 1363 2545 error,
1385 2480 1420 2532 et

267 2564 345 2615 tunc
365 2552 439 2617 verb
457 2573 547 2615 error
561 2552 652 2636 pejor
666 2552 784 2635 priore.
831 2552 909 2617 Duo
924 2567 1015 2616 erant
1040 2552 1206 2632 intereos,
1232 2562 1313 2617 unus
1328 2554 1423 2619 debi-

267 2638 317 2717 lis,
344 2638 426 2703 alter
450 2638 596 2702 diffidens
621 2638 662 2702 de
687 2637 851 2715 Domin03
876 2640 894 2704 ὲ
916 2639 1031 2725 quibus
1047 2640 1101 2704 ille
1116 2640 1262 2707 diffidens
1279 2640 1420 2706 credidit

268 2748 302 2789 se
318 2748 383 2789 non
402 2748 495 2810 posse
515 2725 591 2812 fuga
612 2724 736 2802 salvari,
754 2739 788 2789 et
802 2726 923 2791 maleus
939 2748 998 2791 suo
1007 2726 1132 2812 judicio
1146 2741 1285 2793 mortem
1300 2750 1420 2814 expec-

267 2826 336 2877 tare
357 2835 453 2899 quarn
471 2812 660 2897 praevenire,
685 2813 727 2875 ad
749 2833 910 2877 carcerem
925 2813 1021 2878 rediit
1032 2821 1051 2891 3'
1061 2814 1117 2879 ubi
1131 2827 1205 2900 post
1220 2816 1368 2880 inventus
1384 2829 1420 2880 et

267 2900 445 2977 damnatus
469 2899 566 2963 vitam
589 2920 686 3001 quam
711 2921 839 2964 servare
861 2913 1000 2985 poterat,
1025 2902 1196 2986 suspendio
1221 2902 1420 2968 terminavit.

270 2986 366 3051 Illum
399 2999 508 3051 autern
539 2986 678 3051 debilem
704 2986 752 3049 sni
779 2986 857 3050 socii
885 2987 968 3052 sicut
998 3002 1148 3072 poterant
1177 3000 1418 3075 supportantes,

267 3096 375 3138 secum
398 3074 418 3137 ri
438 3073 513 3137 villa
533 3073 658 3159 longius
681 3074 909 3149 deduxerunt;
932 3097 1027 3160 quem
1043 3089 1077 3139 et
1092 3075 1125 3138 in
1140 3076 1297 3141 cimiterio
1312 3078 1420 3162 cujus-

268 3160 343 3225 dam
365 3160 509 3225 ecclesioe
531 3163 746 3245 projecerunt,
764 3161 903 3225 scientes
918 3162 1004 3247 quod
1020 3183 1111 3226 mora
1126 3162 1223 3247 trahit
1238 3164 1419 3247 periculum

269 3269 342 3310 cum
367 3246 408 3311 de
427 3247 530 3310 salute
546 3250 671 3331 agitur:
696 3261 727 3310 et
743 3248 910 3324 abeuntes,
928 3268 962 3312 se
978 3249 1135 3336 adusque
1153 3249 1418 3335 Tynemudthatn

268 3356 339 3397 curn
364 3332 578 3412 festinatione,
603 3354 668 3420 quo
691 3344 724 3397 et
747 3329 801 3398 ille
823 3335 981 3419 reptando
1003 3337 1110 3421 potius
1148 3354 1221 3401 uam
1237 3336 1419 3403 incedendo

268 3420 356 3485 venit
375 3421 407 3485 in
423 3420 572 3499 crastino,
590 3433 623 3485 et
639 3422 679 3485 ab
695 3420 825 3485 instanti
839 3421 951 3485 mortis
966 3360 1170 3489 incommodo
1184 3424 1338 3489 liberatus
1353 3436 1416 3490 est.

271 3508 353 3574 Curn
371 3532 449 3593 ergo
464 3508 578 3573 fratres
594 3506 713 3573 ibidem
728 3508 901 3572 matutinus
917 3524 1061 3593 agerent,
1076 3509 1109 3574 hi
1121 3533 1231 3577 omnes
1246 3512 1415 3577 ecclesiam

267 3596 400 3681 ingressi
415 3610 508 3672 sunt;
532 3609 564 3661 et
578 3612 647 3660 rem
661 3596 838 3681 pandentes
854 3617 912 3681 per
926 3596 1081 3676 ordinem,
1096 3598 1204 3663 Deum
1216 3599 1419 3683 glorificave-

267 3698 353 3762 runt,
371 3697 404 3748 et
422 3684 601 3769 Martyrem
618 3683 801 3760 adorantes,
818 3683 848 3747 ei
864 3701 922 3747 sua
936 3684 1063 3749 vincula
1077 3685 1149 3749 loco
1164 3686 1304 3750 muneris
1320 3696 1418 3771 optu-

266 3771 373 3834 lerunt
385 3797 395 3847 3
419 3793 492 3857 quae
515 3790 653 3854 appensa
675 3784 750 3833 sunt
773 3770 806 3833 in
828 3774 896 3857 ejus
919 3771 1089 3855 praesentia
1107 3772 1148 3836 ad
1164 3770 1416 3838 continuandam

267 3858 335 3942 ejus
362 3856 568 3932 memoriam3
596 3869 632 3919 ut
656 3857 755 3921 sciant
781 3874 891 3920 omnes
915 3857 970 3943 qui
994 3860 1213 3938 convenerint,
1230 3860 1416 3947 qnodhauc

265 3944 419 4009 virtutem
442 3962 476 4007 et
498 3943 720 4007 fortitudinem
743 3935 834 4006 dedit
860 3943 979 4009 Sancto
998 3961 1057 4009 suo
1079 3946 1208 4011 Oswino
1222 3946 1416 4012 benedictus

265 4030 367 4110 Deus,
381 4044 418 4095 ut
433 4030 518 4095 dicat
527 4030 575 4093 his
591 4030 646 4117 qui
661 4028 759 4094 vincti
774 4044 860 4110 suut,
873 4031 973 4109 exite,
986 4032 1078 4096 ethis
1090 4034 1144 4119 qui
1157 4034 1188 4097 in
1201 4032 1353 4113 tenebris,
1364 4047 1416 4100 r'e'·

264 4118 433 4195 velamini3
448 4133 485 4181 ut
494 4130 614 4184 reseret
626 4117 750 4195 clausis,
765 4130 798 4181 et
811 4120 913 4182 solvat
930 4118 1033 4183 vincla
1047 4119 1164 4205 ligatis,
1181 4122 1327 4186 omnibus
1339 4121 1415 4185 dico

265 4206 320 4295 qui
339 4204 489 4269 invocant
506 4202 683 4283 Dominum
698 4215 732 4269 et
752 4204 904 4269 Sanctum
922 4207 991 4291 ejus
1007 4206 1040 4269 in
1055 4208 1202 4273 veritate.
1250 4204 1415 4273 Fit’mane

286 4294 401 4359 uaestio
410 4292 428 4355 a
436 4292 531 4377 regiis
541 4291 740 4375 satellitibus,
749 4311 888 4379 quonam
897 4294 995 4357 vincti
1004 4294 1208 4379 effligissent3
1220 4308 1254 4361 et
1262 4296 1416 4381 vulgante

264 4317 361 4462 land,
381 4379 560 4443 didicerunt
585 4402 640 4444 eos
662 4380 925 4467 Tynemudtham
945 4381 1120 4446 advenisse.
1170 4384 1246 4457 Quo
1265 4402 1343 4447 mox
1362 4397 1417 4447 ac-

262 4484 436 4548 currentes,
454 4480 507 4533 eos·
523 4466 642 4533 ibidem
653 4480 861 4552 repererunt3
877 4481 910 4533 et
925 4468 995 4553 plus
1005 4468 1046 4533 de
1058 4470 1258 4536 vinculorum
1267 4468 1417 4558 quamde
