3142 5159
363 1477 502 1554 VITA
537 1480 752 1557 SANOTI
784 1484 1137 1575 CUTHBERTI.

358 1950 476 2030 [CAP.
502 1950 707 2026 LJ-orauo
729 1956 774 2018 ad
795 1955 942 2021 Sanctum
966 1959 1171 2029 dommum.

299 2176 332 2241 Ο
346 2176 443 2241 Pater
459 2177 653 2267 Anglorum,
671 2177 802 2244 Patrum
818 2158 879 2267 par
895 2184 1140 2273 Angelicorum,

300 2262 364 2342 Tu,
384 2264 565 2331 Cuthberte
582 2289 681 2345 sacer,
697 2269 807 2353 pronis
823 2272 896 2355 pius
905 2272 1052 2339 hostibus
1064 2299 1138 2341 acer
1151 2279 1159 2344 Ι

300 2350 350 2420 Te
365 2354 444 2417 mihi
461 2353 596 2439 suspiro,
614 2368 646 2419 te
662 2377 728 2440 spe,
741 2380 849 2442 prece,
862 2375 979 2439 mente,
997 2366 1137 2449 requiro.

302 2440 458 2507 Novimus
471 2444 551 2507 alter
566 2442 635 2521 erit,
654 2456 709 2508 tua
723 2444 778 2530 qui
794 2446 945 2531 suffragia
960 2453 1086 2536 quoerit,

300 2528 419 2594 Tristis
432 2529 570 2608 laetatur,
587 2531 669 2594 flens
684 2531 778 2611 ridet,
795 2556 957 2623 egensque
974 2537 1108 2611 beatur3

300 2615 397 2683 Nunc
412 2618 521 2683 hilaris
538 2632 664 2697 moesto,
682 2620 800 2685 misero
818 2624 986 2687 miserator
1000 2626 1123 2691 adesto.

301 2706 379 2771 Sum
397 2723 530 2773 moestus
544 2708 663 2794 plane3
688 2710 775 2796 quod
792 2711 871 2789 vixi,
887 2711 972 2799 fugit
980 2713 1088 2778 inane.

300 2794 397 2886 Fugit
411 2798 499 2861 enim
511 2795 590 2873 dixi,
608 2795 673 2861 vita
687 2798 734 2861 nil
750 2798 827 2863 utile
843 2799 909 2862 fixi.

300 2882 466 2957 Quantum
482 2883 631 2970 peccavi!
657 2886 737 2949 flens
754 2885 897 2965 crimina,
913 2903 987 2972 post
1002 2888 1125 2953 iterari.

302 2971 385 3046 Quae
400 2974 497 3047 bona,
514 2995 587 3060 quae
602 2972 693 3059 liqui,
711 2974 756 3038 nil
772 2975 950 3039 detestatus
965 2974 1092 3061 iniqui?

298 3059 330 3124 Ο
346 3084 397 3125 me
413 3060 619 3147 peccantem!
647 3062 751 3145 sprevi
767 3063 933 3147 peccando
950 3077 1136 3128 tonantem:

297 3148 407 3235 Qpem
419 3151 568 3236 quotiens
584 3148 709 3234 sprevi;
733 3173 784 3213 me
802 3150 843 3213 de
859 3151 946 3214 caelis
962 3150 1099 3215 abolevi.

298 3238 425 3302 Exosus
438 3240 531 3315 coelo,
549 3251 656 3315 terrae,
674 3259 730 3301 cur
742 3238 832 3303 vivus
848 3239 991 3303 anhelo?

296 3326 501 3412 Postponens
520 3326 702 3401 Christum3
727 3326 832 3413 delegi
845 3328 957 3391 mortis
973 3328 1135 3413 abyssum.

296 3415 336 3479 Iu
351 3413 472 3479 baratri
484 3414 619 3477 fundum
638 3415 753 3497 mergit
769 3415 871 3478 scelus
884 3437 982 3478 omne
998 3415 1208 3499 profundum.

297 3502 430 3566 Horreo
445 3515 646 3587 peccantem,
662 3525 714 3564 me
729 3502 803 3564 dico
820 3515 908 3565 tanta
923 3515 1116 3587 patrantem.

295 3590 372 3654 Non
389 3590 458 3654 fero
475 3613 526 3653 me
542 3589 649 3665 talem,
667 3612 718 3652 me
733 3589 934 3674 conspiciens
949 3589 1130 3656 animalem.

298 3679 403 3742 Fonte
417 3678 481 3741 Dei
496 3678 581 3740 lotus
596 3678 777 3740 renovabor
788 3691 819 3740 et
836 3678 977 3761 unguine
992 3677 1089 3755 fotus,

296 3766 490 3851 Splendidns
506 3765 608 3840 exivi3
633 3765 688 3828 sed
705 3786 782 3828 mox
795 3765 905 3829 sordes
921 3765 1066 3850 repetivi.

295 3856 355 3918 Vae
373 3854 486 3919 michi!
506 3854 656 3939 peccavi3
679 3854 790 3937 culpas
806 3853 908 3939 culpis
924 3852 1105 3919 cumulavi!

296 3944 357 4006 Vae
373 3941 487 4007 michi!
514 3965 579 4029 quo
595 3943 736 4005 vadam?
760 3964 863 4006 novus
878 3942 912 4005 in
928 3966 979 4007 me
996 3941 1117 4006 decidit
1132 3939 1251 4004 Adam.

294 4032 465 4119 Ingemino
480 4031 548 4095 vaei
573 4030 640 4095 vae!
665 4042 775 4114 repeto
788 4030 855 4094 vae!
882 4031 968 4095 filius
988 4029 1088 4095 Evae!

295 4120 371 4184 Non
387 4122 491 4185 tolero
507 4131 635 4195 memet,
653 4140 713 4181 nec
729 4140 860 4202 possum
873 4119 1017 4204 linquere
1033 4128 1165 4182 memet.

295 4207 348 4272 Tu
365 4208 453 4272 locus
469 4208 590 4296 effugii,
607 4218 712 4291 pater,
729 4227 772 4281 cs,
786 4204 919 4291 patiaris
935 4208 1027 4271 adiri.

296 4296 374 4360 Huc
386 4320 418 4360 m
462 4296 487 4359 is
503 4297 569 4383 ipse
585 4296 651 4359 cito
667 4293 773 4357 miseri
789 4293 972 4360 miserendo
987 4296 1120 4369 venit03

295 4320 665 4475 Respicdianguentem,
681 4380 806 4467 peccati
821 4396 926 4449 morte
942 4396 1124 4471 paventem.

296 4470 410 4541 Exora
423 4473 546 4551 Jesum,
562 4472 641 4537 velit
655 4482 691 4535 ut
705 4493 758 4534 me
773 4470 878 4536 visere
889 4472 1002 4537 laesum
1016 4497 1024 4536 ε
