3142 5159
249 405 301 469 50
694 420 785 469 vrrs
815 418 953 469 osu'rm

252 602 339 658 ecce,
357 580 465 645 videte
480 579 535 645 ubi
551 580 699 645 dominus
716 604 804 645 meus
821 581 957 645 Sanctus
974 576 1122 643 Oswinus
1138 575 1290 640 incedit.”
1339 574 1408 640 Ea·

252 665 390 753 demque
415 669 512 732 verba
533 680 693 752 repetens,
715 668 874 743 surrexit3
898 667 940 731 ad
961 665 1154 729 monachum
1177 662 1232 750 qui
1256 676 1407 726 sanctum

252 754 443 819 observabat
467 754 669 839 sepulchrum
693 756 837 833 accessit,
854 776 992 840 eumque
1007 752 1133 815 sinistri
1147 771 1245 813 manu
1260 770 1319 833 per
1334 772 1409 813 res·

252 838 387 904 timente
410 849 541 917 tenens,
563 844 696 905 extensa
719 852 815 906 manu
838 841 984 916 dextera,
1013 838 1116 922 digito
1139 836 1184 900 illi
1213 836 1410 900 ostendebat

253 925 383 999 dicens3
410 937 431 968 ‘⁶
447 928 598 1006 Domine,
616 929 690 993 vide
708 930 762 995 ubi
784 930 852 993 abit
868 927 1015 992 dominus
1031 948 1120 989 meus
1144 926 1280 987 Sanctus
1301 922 1410 987 Oswi-

252 1036 325 1077 nus.
374 1014 446 1099 lpse
469 1014 567 1079 modo
590 1030 665 1080 ante
688 1038 740 1081 me
763 1015 918 1091 substitit,
943 1012 1020 1077 mihi
1044 1035 1085 1075 ue
1108 1010 1254 1076 auditum
1277 1009 1409 1072 dextrae

254 1099 405 1178 auriculae
421 1103 477 1166 sual
499 1102 603 1185 gratia
617 1103 789 1167 restituit.'’
838 1036 1103 1165 Audienteslraec
1123 1098 1177 1185 qui
1196 1097 1356 1173 astabant,
1373 1109 1409 1159 et

252 1186 306 1272 qui
322 1211 396 1252 eum
411 1189 542 1253 surdum
565 1188 663 1253 fuisse
679 1190 855 1254 certissime
870 1200 1040 1263 noverant,
1058 1186 1250 1250 accedentes
1273 1184 1410 1267 propius

251 1272 493 1363 interrogabant
509 1298 584 1339 eum
605 1276 645 1339 de
664 1277 784 1353 multis,
804 1275 845 1339 ad
868 1298 941 1362 quoe
958 1272 1067 1337 omnia
1081 1272 1135 1337 ille
1151 1270 1315 1335 sanissime
1338 1293 1410 1335 res-

246 1361 377 1445 pondit,
394 1362 577 1448 pariterque
594 1363 729 1427 cumeis
746 1362 788 1427 ad
802 1361 933 1447 propria
946 1360 1053 1427 rediit.

385 1620 484 1711 CAP.
503 1620 611 1684 XXX
612 1623 806 1688 Vlla-De
815 1623 1010 1706 paupercula
1025 1623 1151 1684 muliere
1164 1620 1272 1683 sarda.

300 1792 366 1857 Sed
381 1806 415 1858 et
431 1794 544 1858 mulier
559 1796 708 1882 quaedam
723 1795 920 1881 paupercula
934 1795 975 1858 de
993 1792 1154 1869 Boldune,
1171 1814 1243 1878 quae
1259 1791 1279 1855 a
1292 1790 1408 1855 multis

250 1880 423 1964 praeteritis
446 1881 536 1945 annis
559 1896 731 1971 utrumque
754 1884 899 1947 auditum
926 1882 1076 1945 amiserat
1098 1878 1232 1956 aurium,
1257 1878 1300 1943 ad
1322 1878 1407 1942 hanc

251 1963 487 2045 solemnitatem
502 1992 576 2033 cum
590 1972 727 2047 caeteris,
767 1970 800 2033 ui
816 1970 912 2034 causa
926 1968 1062 2033 medelae
1077 1978 1293 2043 occurrerant,
1306 1965 1408 2029 adve-

249 2056 308 2118 nit.
357 2050 441 2119 Cum
454 2056 561 2154 itaque
578 2057 738 2121 indefesse
745 1994 807 2121 (lie
823 2079 860 2120 ac
876 2068 972 2119 nocte
989 2054 1053 2119 Dei
1068 2067 1102 2117 et
1122 2053 1232 2117 Sancti
1249 2052 1407 2137 Martyris

250 2139 436 2229 imploraret
448 2142 615 2220 auxilium,
628 2166 727 2230 usque
739 2143 781 2208 ad
793 2146 964 2229 septimum
977 2141 1063 2205 diem
1075 2142 1108 2203 in
1120 2140 1233 2204 eadem
1245 2140 1406 2203 surditate

249 2227 432 2311 permansit.
483 2229 548 2291 Sed
560 2230 724 2313 patientiae
737 2231 834 2314 ipsius
847 2231 958 2293 volens
972 2228 1062 2293 Deus
1076 2226 1227 2291 adhibere
1240 2224 1403 2305 solatium,

249 2315 495 2397 superveniente
519 2318 632 2380 octava
655 2316 708 2382 die
735 2316 955 2394 solemnitatis,
984 2339 1057 2380 cum
1085 2328 1181 2378 nocte
1204 2313 1406 2399 praecedenti

250 2400 436 2485 gravissimo
452 2426 565 2467 somno
589 2404 740 2489 depressa
754 2405 920 2482 dormiret,
938 2416 1045 2467 custos
1068 2401 1253 2465 monasterii
1275 2400 1404 2484 signum

250 2488 292 2552 ad
308 2488 496 2553 excitandos
511 2482 635 2555 ¹fratres
659 2493 785 2577 pulsare
801 2491 909 2577 coepit.
958 2490 1011 2553 Ad
1026 2492 1115 2575 cujus
1129 2511 1243 2552 sonum
1259 2487 1408 2552 excitata

248 2575 362 2639 mulier
376 2576 474 2661 coepit
487 2578 592 2642 mirari
604 2581 693 2665 quod
708 2580 855 2643 auditum
869 2588 1100 2662 recuperasset,
1114 2589 1293 2662 putansque
1306 2576 1404 2639 unius

249 2673 373 2727 tantum
393 2664 543 2727 auriculae
564 2689 598 2729 se
621 2666 801 2751 percepisse
821 2665 977 2742 auditum,
999 2662 1172 2727 obstrinxit
1187 2662 1290 2749 digito
1311 2662 1404 2725 sinis-

247 2760 341 2825 tram,
359 2762 392 2813 et
408 2773 451 2814 ex
465 2752 600 2815 dextera
616 2753 698 2817 clare
714 2753 846 2817 audivit.
896 2752 1136 2836 Obstruensque
1152 2748 1255 2833 digito
1270 2749 1403 2835 alterius

247 2835 359 2901 matuls
375 2837 548 2902 auriculam
559 2839 739 2917 dexteram,
752 2863 819 2904 non
834 2838 937 2902 minus
953 2838 1036 2902 clare
1048 2861 1082 2901 se
1099 2837 1139 2900 de
1150 2837 1275 2901 sinistra
1289 2835 1401 2901 audire

248 2923 357 3008 gavisa
371 2938 430 2989 est.
481 2926 692 3013 Sentiensque
707 2950 741 2990 se
758 2928 924 3013 utriusque
940 2925 1092 2989 auriculae
1115 2924 1295 3009 percepisse
1310 2923 1402 2987 audi·

248 3024 328 3088 tum,
353 3034 412 3095 pro
427 3011 545 3097 collato
561 3013 620 3077 sibi
644 3015 802 3079 beneficio
819 3014 894 3078 Deo
913 3014 1096 3099 Sancteque
1121 3010 1260 3096 Martyri
1280 3010 1401 3097 gratias

162 3094 167 3105 ’
248 3098 334 3181 egit3
359 3098 455 3185 idque
475 3098 508 3161 in
524 3099 662 3163 crastino
677 3100 828 3165 fratribus
844 3115 878 3164 et
900 3099 1021 3184 populo
1040 3099 1096 3187 qui
1118 3098 1240 3174 aderat,
1256 3097 1402 3185 gaudens

248 3183 417 3262 intimavit,
435 3196 531 3271 atque
543 3209 616 3249 cum
632 3187 730 3250 nimia
745 3185 945 3252 exultatione
961 3186 1003 3250 ad
1017 3184 1148 3271 propria
1161 3183 1268 3249 rediit.

503 3420 612 3512 orn
629 3448 894 3515 xxxta-oe
909 3452 1033 3513 mune
1047 3450 1137 3513 coeca

294 3620 334 3684 In
350 3618 424 3683 villa
440 3618 481 3682 de
500 3619 708 3687 Edenesburc
724 3636 796 3688 erat
810 3621 925 3687 mulier
940 3622 1100 3708 quaedam,
1118 3642 1191 3707 quae
1206 3619 1322 3685 marito
1331 3623 1402 3708 jam

247 3706 412 3783 defunct0,
429 3706 498 3769 sola
512 3730 584 3771 cum
600 3709 695 3773 unica
709 3721 904 3774 remanserat
919 3709 995 3773 filia.
1043 3708 1122 3772 Erat
1137 3721 1246 3771 autem
1258 3731 1323 3771 non
1333 3731 1402 3773 me·

247 3793 363 3857 diocris
379 3793 579 3873 substantiae,
597 3796 655 3859 sed
678 3796 785 3859 omnia
801 3796 844 3858 illi
867 3797 956 3859 bona
970 3796 1068 3860 etiam
1086 3795 1400 3879 superabundabant.

251 3880 350 3946 Unde
366 3879 494 3966 quidam
507 3883 643 3966 juvenes
659 3905 723 3945 non
739 3882 896 3969 ignobiles
912 3882 1011 3946 filiam
1027 3883 1095 3967 ejus
1111 3882 1145 3945 in
1160 3882 1402 3946 matrimonium

247 3968 413 4053 petebant,
425 3979 491 4029 tam
507 3990 565 4051 pro
575 3969 812 4054 pulchritudine
828 3969 926 4054 ipsius
937 3993 1033 4069 quam
1045 3992 1102 4053 spe
1118 3969 1263 4054 pecuniae
1278 3970 1400 4033 matris.

251 4053 317 4119 Sed
332 4076 405 4117 cum
420 4052 481 4117 hoc
497 4054 680 4120 differretur
694 4057 875 4141 negocium,
892 4057 998 4121 subito
1013 4069 1117 4120 mater
1133 4056 1298 4142 utriusque
1314 4056 1402 4121 oculi

244 4141 355 4219 lumen
370 4138 485 4205 amisit.
535 4141 623 4215 Quid
639 4143 735 4231 igitur
750 4157 826 4232 agat
843 4144 982 4229 ignorat.
1023 4144 1171 4208 Advocat
1188 4142 1319 4207 tandem
1334 4166 1401 4207 me-

245 4228 347 4307 dicos,
365 4242 399 4293 et
422 4228 591 4313 pecuniam
607 4230 737 4317 querna
759 4231 868 4295 multis
892 4244 1147 4319 congregaverat
1163 4230 1264 4308 annis,
1289 4231 1399 4314 paucis

244 4316 358 4380 diebus
381 4316 527 4401 pecuniae
550 4339 632 4401 pene
652 4332 754 4382 totam
777 4319 810 4383 in
834 4318 976 4382 medicos
993 4330 1119 4402 erogat,
1137 4317 1195 4381 sed
1218 4316 1315 4380 nichil
1339 4318 1401 4382 sibi

245 4402 381 4507 proficit.
430 4402 577 4491 Cumque
595 4405 693 4469 tribus
710 4406 803 4471 annis
819 4405 1004 4489 etamplius
1020 4425 1104 4489 pene
1121 4417 1228 4469 totum
1240 4403 1328 4491 quod
1342 4405 1401 4469 ha·
