3142 5159
286 472 360 551 106
732 498 826 551 vrrs
852 497 992 552 srucrr

420 660 483 725 Cui
499 672 596 747 caput
611 672 708 749 atque
725 662 807 726 latus
823 663 932 747 magni
946 662 1075 728 fueraut
1089 663 1261 737 cruciatio.

418 748 529 828 Hanc,
545 761 581 813 ut
595 750 753 815 inunxisti
768 761 896 815 sacrato
907 750 1056 817 crismate
1072 750 1196 817 Christi

417 833 551 901 Viribus
565 838 693 923 integra
706 838 755 917 fit,
773 860 847 925 quae
862 837 1025 905 defecerat
1040 860 1131 928 agra.

422 1475 483 1559 Vir
498 1472 614 1538 morbo
629 1473 734 1552 laesus,
751 1474 920 1562 multoque
935 1474 1049 1539 dolore
1064 1496 1210 1561 peresus,

426 1561 548 1627 Tabuit
561 1562 595 1625 in
610 1560 720 1640 letum,
736 1585 789 1626 res
805 1561 942 1626 advocat
956 1562 1055 1628 anxia
1070 1577 1200 1645 coetum,

423 1651 554 1716 Coetum
569 1671 716 1713 carorum
733 1650 850 1737 quibus
866 1660 955 1714 extat
971 1673 1067 1715 causa
1082 1650 1248 1719 dolorum:

424 1738 510 1823 Cum
526 1735 633 1802 subito
649 1760 777 1821 panem,
795 1734 934 1801 sednon
949 1738 1078 1803 virtutis
1089 1739 1228 1820 inanem,

424 1824 556 1911 Quippe
572 1823 838 1902 sacrum'munus,
855 1823 984 1888 illorum
998 1825 1135 1911 protulit
1149 1851 1249 1893 unus:

425 1911 575 1990 Protulit,
592 1925 626 1976 et
640 1913 733 1990 dixit,
749 1912 836 1976 hunc
853 1912 1051 1977 Cuthbertus
1074 1914 1243 1983 benedixit
1252 1941 1262 1993 ;

421 2000 510 2064 Mira
524 2021 583 2084 per
598 2000 686 2064 hunc
701 2000 800 2064 credo
815 2001 914 2063 virtus
929 2001 1056 2085 parebit
1069 2002 1103 2064 in
1119 2025 1220 2091 aegro.

423 2087 509 2153 Mox
524 2088 675 2152 miscetur
690 2089 780 2174 aquis
795 2087 956 2152 benedicti
971 2088 1079 2173 portio
1092 2089 1208 2175 panis3

422 2174 512 2237 Hinc
527 2196 616 2257 aegro
631 2174 743 2238 bibere
759 2189 929 2261 postquam
944 2174 1107 2239 credendo
1123 2170 1243 2242 dedere

420 2264 528 2327 Gustu
544 2260 688 2345 pauxillo
703 2262 860 2347 languore
875 2274 1013 2327 novatur
1027 2262 1069 2326 ab
1084 2262 1159 2327 illo:

422 2349 533 2436 Surgit
549 2364 582 2414 et
597 2349 731 2427 incedit,
748 2364 782 2413 et
797 2350 838 2413 de
854 2372 887 2413 se
902 2350 958 2413 rix
973 2350 1035 2415 sibi
1049 2350 1173 2429 credit3

420 2436 563 2502 'Peritum
580 2438 716 2502 miretur
731 2437 820 2525 quod
835 2449 901 2502 tam
917 2436 1025 2503 subito
1039 2451 1225 2506 renovetur.

376 2767 493 2855 [οΑΡ.
520 2763 971 2845 ΧΧΧιμρωαῙωΜ
988 2764 1063 2827 ceo
1087 2765 1133 2829 aa
1157 2784 1190 2828 x
1212 2757 1349 2829 orm

628 2854 1097 2918 mmmmm

418 3069 567 3156 Cumque
582 3068 636 3152 pia
651 3090 729 3131 cura
742 3088 800 3151 per
823 3065 999 3151 pastoralia
1009 3066 1086 3150 jura

418 3155 526 3220 Plebis
543 3156 722 3219 commissae
736 3155 810 3218 loca
824 3155 951 3228 lustras,
966 3152 1104 3239 pervigil
1119 3154 1200 3240 ipse,

418 3243 504 3306 Ecce
519 3243 578 3306 tibi
593 3247 686 3318 latus,
703 3241 789 3305 lecto
804 3242 920 3304 misere
934 3242 1107 3318 cruciatus,

417 3328 522 3413 AEger
533 3329 625 3392 adest
639 3350 732 3405 unus,
750 3350 852 3412 prope
869 3327 939 3391 solo
953 3349 1089 3413 corpore
1105 3326 1201 3391 funus

422 3416 510 3480 Nam
525 3438 627 3501 prope
640 3414 826 3501 compulsus
841 3415 949 3479 fuerat
967 3414 1007 3480 de
1029 3415 1106 3481 sede
1126 3414 1272 3480 revulsus

419 3504 569 3590 Spiritus,
593 3515 627 3567 et
642 3525 787 3568 macrum
797 3503 903 3589 jacuit
917 3503 1012 3566 miser
1027 3501 1081 3568 hic
1095 3500 1323 3567 simulacrum:

417 3591 482 3669 Tu,
499 3592 654 3655 miserans
669 3590 773 3668 illum,
791 3590 929 3676 supplex
943 3589 1079 3669 orando,
1093 3588 1248 3677 pusillum

417 3679 471 3742 Ex
485 3681 604 3744 virtute
619 3679 724 3743 crucis
739 3677 814 3742 vitae
829 3678 973 3743 sanando
988 3676 1125 3742 reducis.

419 3765 486 3839 Qui
501 3764 563 3833 fuit
577 3766 731 3831 advectus
747 3766 833 3831 redit
847 3766 916 3851 ipse
928 3764 1031 3831 salute
1045 3764 1197 3832 refectus.
