3142 5159
280 364 329 431 34
729 376 819 427 vrri
847 376 985 429 oswini

284 564 408 607 'ummo
431 560 523 605 mane
546 540 783 625 superveniens,
807 539 861 605 dle
882 539 1021 627 quadum
1043 537 1151 605 sillam
1173 540 1302 624 ipsam
1331 534 1463 599 armati

284 651 378 695 manu
395 626 562 711 confregit,
586 640 620 693 et
642 650 678 693 ra
700 628 760 693 inis
776 628 925 695 vastavit.
973 626 1060 692 Inter
1073 641 1210 692 caeteros
1230 627 1364 709 igitur
1375 625 1464 707 capi-

285 732 337 783 tur
355 715 564 793 Leouuricus,
581 728 614 779 et
626 650 804 781 Multorum
819 716 852 779 in
867 715 1001 779 vinculis
1015 715 1191 791 ducituriu
1204 714 1351 798 vigilia
1365 734 1465 794 apos

286 804 425 870 tolorum
452 802 598 889 Symonis
620 815 654 867 et
676 800 782 869 Judae.
830 802 1052 869 Recumbente
1074 825 1152 867 vero
1180 803 1262 879 illo,
1294 801 1368 887 qui
1389 821 1465 863 erun

286 904 436 979 coeperat,
450 912 522 957 cum
535 888 599 955 suis
612 892 644 955 in
655 891 724 977 ipsl
735 890 854 979 vigilia,
869 904 904 957 et
919 892 1082 957 reficiente
1098 914 1133 957 se
1144 905 1177 955 et
1192 913 1287 955 suos
1303 889 1466 951 carnium

280 980 405 1071 edulio,
422 974 627 1047 Leouuricus
643 998 676 1045 et
691 978 779 1058 socii,
793 981 849 1131 (lui
863 1002 937 1044 cum
952 1004 993 1045 eo
1006 980 1199 1045 tenebantur
1213 976 1380 1063 captivi,
1395 996 1465 1038 car·

287 1070 375 1135 nium
397 1090 485 1133 escas
509 1068 751 1133 execrabantur.
818 1066 988 1151 ndignatus
1011 1068 1119 1154 itaque
1141 1080 1333 1153 tyrannus,
1358 1062 1465 1147 jussit

280 1150 334 1223 'eis
349 1158 452 1243 pisces
467 1157 596 1241 apponi,
613 1168 646 1219 et
661 1154 744 1219 dixit
757 1154 828 1230 eis;
852 1165 874 1196 ‘⁶
886 1154 983 1219 Edite
997 1177 1081 1231 nunc
1092 1167 1126 1220 et
1137 1154 1368 1229 saturemini,
1387 1150 1465 1237 quia

287 1244 403 1311 caelum
429 1256 530 1309 testor
554 1255 587 1307 et
613 1242 684 1307 oaeli
710 1244 850 1321 numina,
874 1265 933 1308 ros
952 1242 1049 1307 nichil
1069 1242 1087 1305 i
1108 1242 1206 1307 modo
1227 1254 1463 1327 gustaturos,

288 1332 391 1397 donec
418 1330 458 1397 de
485 1328 608 1395 summi
630 1329 858 1415 redemptionis
885 1344 1001 1395 vestrae
1025 1331 1207 1395 constiterit
1230 1329 1341 1415 apud
1371 1325 1464 1390 me.''

290 1418 444 1485 Reiectus
459 1432 568 1485 autem
590 1418 798 1483 incontinenti
813 1420 966 1505 praecepit
980 1418 1123 1484 restibus
1139 1419 1204 1483 suis
1219 1418 1324 1494 exui,
1341 1428 1384 1481 et
1401 1436 1462 1476 nu-

289 1506 348 1573 dos
371 1503 465 1593 cippo
488 1502 598 1571 durius
621 1506 763 1593 astringi.
811 1506 991 1592 Occupanti
1006 1504 1084 1571 vero
1100 1519 1351 1571 vesteseorum
1378 1524 1462 1565 con·

287 1594 461 1661 ceduntur.
507 1592 557 1659 Ibi
587 1607 688 1659 totam
718 1592 931 1661 ebdomadem
955 1596 1069 1680 jejunii
1094 1595 1239 1677 exigunt.
1310 1589 1456 1657 Dehinc

286 1688 449 1749 'tormenta
478 1685 645 1747 tormentis
674 1681 864 1747 desaeviunt.
935 1682 1066 1747 Inuexis
1092 1681 1223 1745 funibus
1251 1682 1291 1745 in
1328 1699 1456 1741 manus

284 1766 411 1849 eorum,
429 1769 470 1835 ad
485 1770 609 1835 trabem
625 1770 871 1857 suspenduntur,
884 1769 960 1855 inde
970 1771 1108 1856 depositi
1118 1767 1250 1858 flagellis
1265 1765 1453 1833 acerrimis

288 1858 459 1935 ceduntur,
476 1868 509 1921 et
532 1857 575 1923 ad
596 1857 744 1923 ultimum
764 1858 859 1945 cippo
881 1859 998 1924 iterum
1019 1859 1296 1945 coustringuntur.
1359 1854 1453 1919 Inter

289 1946 361 2013 haec
390 1945 590 2011 Leouuricus
619 1967 684 2009 non
712 1959 817 2011 cessat
845 1944 1063 2021 inclamitare3
1101 1955 1123 1986 “
1139 1945 1256 2011 Sancte
1285 1943 1447 2020 oswine,

286 2030 409 2118 'adjuva
422 2032 504 2099 me.”
533 2032 565 2095 T
566 2033 692 2097 irannus
707 2031 749 2097 ed
764 2032 871 2097 focum
885 2033 1073 2101 calefaciens
1088 2055 1134 2111 se,
1150 2044 1184 2099 et
1198 2032 1282 2097 forte
1297 2030 1449 2097 audiens

286 2116 513 2189 'Leouuricum
526 2119 677 2183 Sanctum
691 2118 855 2187 Oswinum
870 2122 1065 2188 incessanter
1079 2120 1322 2197 vociferantem,
1342 2118 1450 2183 affec

294 2220 347 2273 tus
371 2206 481 2285 taedio,
501 2206 649 2273 baculum
675 2230 771 2295 quem
795 2231 889 2273 maun
913 2210 1053 2289 tenebat,
1074 2209 1154 2294 jecit
1179 2210 1212 2273 in
1237 2230 1339 2284 eum;
1364 2201 1445 2270 eti

296 2295 434 2363 clamore
450 2316 653 2381 compescens
667 2296 853 2381 increpavit,
869 2296 988 2375 dicens,
1008 2296 1134 2370 “Quid
1151 2308 1213 2375 est,
1230 2297 1341 2372 miser,
1361 2289 1444 2379 quid

297 2396 347 2451 est
370 2382 457 2473 quod
471 2383 599 2461 clamas,
617 2396 650 2447 et
676 2406 769 2451 aures
788 2398 914 2449 nostras
936 2385 1045 2449 nescio
1059 2387 1149 2471 cujus
1168 2383 1288 2449 Oswini
1304 2384 1442 2448 invoco·

298 2474 385 2539 tione
401 2473 540 2539 oneras?
589 2469 670 2545 Quis
683 2485 732 2537 est
746 2473 807 2539 iste
827 2472 986 2551 oswinus,
1001 2472 1092 2558 cujus
1107 2487 1140 2537 te
1155 2494 1217 2557 ope
1238 2471 1348 2535 credis
1367 2469 1441 2537 sine

297 2561 442 2645 pecuniae
458 2562 638 2625 interventu
654 2582 747 2645 posse
762 2559 920 2627 liberari?
981 2561 1158 2644 Compesce
1172 2560 1315 2643 linguam
1331 2559 1350 2625 ὲ
1369 2556 1439 2622 cla·

299 2671 388 2714 more
410 2647 550 2735 garrulo,
576 2668 636 2713 nec
659 2670 717 2711 nos
740 2648 982 2732 importunitate
1005 2649 1063 2712 turi
1083 2648 1144 2712 hac
1159 2661 1253 2712 nocte
1268 2648 1399 2711 excites
1420 2642 1440 2709 t

300 2736 442 2805 somno?
457 2732 562 2801 Nocte
572 2734 724 2813 insecuta,
734 2735 967 2801 dormientibus
976 2736 1241 2814 omnibus‚astitit
1250 2731 1438 2799 dormitanti

302 2820 496 2901 Ieouurico,
513 2823 561 2885 vir
583 2824 763 2891 autenticus
786 2824 877 2889 vultu
891 2823 1028 2889 decorus
1048 2835 1084 2887 et
1105 2824 1205 2901 cultu,
1220 2824 1278 2909 qui
1299 2835 1334 2887 et
1352 2821 1439 2885 dixit
1532 2851 1533 2870 κ

301 2912 342 2977 ei.
390 2910 516 2984 “Quid
539 2910 591 2974 hic
617 2910 710 2975 sedes
737 2908 947 2979 Leouurice?
995 2911 1084 2985 Quid
1106 2911 1159 2975 hic
1183 2933 1307 2975 moram
1330 2907 1439 2975 facis?

306 2998 404 3065 Ocior
419 3020 525 3087 surge,
541 3011 574 3063 et
589 2998 631 3063 ad
646 3000 813 3065 ecclesiam
828 3022 942 3077 meam,
959 3000 1050 3064 etad
1064 2999 1169 3063 natale
1185 3000 1288 3065 solum
1302 2998 1437 3083 impiger

301 3087 467 3171 propera.''
538 3086 600 3149 Cui
631 3086 843 3164 Leouuricus,
874 3089 938 3153 tale
967 3088 1069 3152 fertur
1096 3087 1223 3153 dedisse
1252 3106 1436 3173 resposum:
1532 3089 1533 3114 ¹

305 3183 327 3213 “
336 3171 525 3239 Reverende
540 3172 679 3251 domine,
695 3196 813 3259 perine
828 3198 957 3259 surgere
972 3198 1109 3262 nequeo,
1125 3176 1201 3261 quia
1214 3175 1323 3259 ligatis
1337 3172 1437 3239 maui-
1525 3201 1526 3210 ¹

240 3343 242 3348 Ι
294 3262 363 3347 ¹bus
378 3259 420 3324 ad
435 3271 571 3345 tergum,
588 3260 687 3344 pedes
702 3261 836 3351 inligno
850 3266 1038 3329 constrictus
1052 3264 1187 3328 habe0.'’
1225 3264 1289 3327 Cui
1304 3263 1438 3327 Sauours

305 3346 466 3413 Oswinus.
513 3358 535 3387 “
556 3348 658 3433 Surge
675 3348 837 3428 velociter,
854 3374 895 3415 ne
918 3352 1081 3431 morerisss'
1129 3350 1172 3413 Et
1187 3351 1237 3415 his
1253 3351 1359 3427 dictis,
1375 3349 1437 3415 din-

304 3438 421 3521 paruit.
456 3434 618 3523 Evigilans
635 3439 742 3523 itaque
760 3438 970 3516 Leouuricus,
985 3452 1018 3503 et
1033 3439 1074 3502 de
1090 3439 1211 3502 visione
1226 3439 1331 3502 laetior
1345 3438 1438 3501 effec-
1526 3437 1528 3460 ”

305 3539 368 3603 tus,
385 3546 497 3588 manus
513 3547 586 3589 snas
601 3525 712 3590 solutis
728 3526 861 3590 vinculis
874 3528 991 3592 liberas
1007 3527 1137 3591 invenit.
1186 3526 1252 3590 Sed
1267 3528 1382 3589 timens
1396 3546 1436 3588 ne

305 3611 324 3675 ir
338 3612 524 3677 custodibus
538 3616 673 3677 carceris
689 3614 833 3679 auditum
854 3614 966 3679 fuisset
976 3614 1064 3701 qnod
1078 3613 1146 3698 ipse
1162 3614 1317 3691 audierat,
1332 3634 1437 3681 recur-
1524 3617 1528 3644 ¹

306 3713 360 3763 vat
381 3699 511 3764 brachia
533 3700 574 3763 ad
597 3701 728 3765 dorsum
743 3714 776 3764 et
792 3701 907 3785 iterum
922 3702 1116 3766 obdormuit.
1177 3700 1252 3765 Non
1268 3704 1352 3765 enim
1366 3702 1437 3764 esti·
1532 3689 1533 3712 ¹

307 3787 405 3851 mavit
427 3788 461 3850 id
485 3810 518 3850 se
544 3788 578 3849 in
601 3790 722 3851 visione
745 3787 866 3863 videre,
891 3788 1002 3853 sedin
1025 3788 1246 3853 collocutione.
1299 3789 1342 3852 Et
1364 3810 1435 3852 ecce
1532 3847 1533 3856 ,

307 3874 448 3943 secunde
464 3873 565 3939 astitit
587 3876 616 3939 ei
642 3876 778 3942 Sanetus
798 3875 955 3954 Oswinus,
972 3878 1136 3962 increpans
1149 3878 1182 3941 ei
1203 3890 1236 3939 et
1249 3878 1342 3963 quasi
1356 3898 1437 3941 com·

308 3977 414 4030 motus
437 3962 567 4025 diceus:
594 3972 615 4002 “
630 3962 697 4027 Cur
713 3962 812 4049 jussis
827 3965 905 4029 meis
920 3988 986 4031 non
1005 3962 1278 4050 obtemperastis?
1325 3964 1434 4030 Nonne

309 4072 461 4115 manuum
484 4048 609 4115 vincula
631 4051 736 4117 soluta
758 4054 861 4116 sunt?
908 4054 1011 4137 Surge
1033 4076 1112 4139 ergo
1135 4066 1169 4117 et
1183 4052 1333 4118 baculum
1348 4074 1435 4138 quem

311 4163 383 4205 sero
406 4152 558 4223 tyrannus
576 4137 654 4227 jecit
676 4140 709 4201 in
732 4153 764 4203 te
786 4139 924 4225 accipe.’'
971 4142 1014 4205 Et
1036 4142 1134 4226 pedes
1150 4142 1167 4205 i
1183 4141 1277 4227 cippo
1298 4139 1435 4205 facillime

312 4226 482 4291 extrahens
496 4225 645 4291 baculum
666 4224 698 4289 in
721 4250 755 4291 se
766 4228 889 4313 jactum
904 4251 999 4293 manu
1014 4229 1157 4313 sumpsit,
1174 4243 1208 4295 et
1226 4230 1269 4293 ad
1283 4228 1435 4315 quoddam

311 4314 461 4388 hostium,
478 4335 521 4375 ex
536 4316 626 4401 cnjus
641 4326 821 4379 transverso
835 4339 915 4400 puer
926 4317 1056 4402 quidem
1071 4340 1224 4403 equorum
1240 4332 1346 4381 custos
1357 4318 1435 4401 jace-

312 4404 378 4480 bat,
395 4400 549 4493 perrenit.
598 4403 627 4465 A
642 4404 729 4491 cnjus
743 4403 835 4490 ostio
858 4427 960 4469 seram
981 4406 1095 4470 leviter
1115 4405 1255 4471 excussit
1265 4429 1274 4480 3
1299 4405 1355 4469 sed
1369 4403 1435 4490 quia
