3142 5159
688 496 783 551 vm
809 494 949 552 wiell

298 656 305 665 ⁴
376 668 453 747 Fac,
469 666 567 745 bane,
579 665 631 732 fac
642 664 783 755 inquam,
799 663 915 731 faciam
929 662 1029 743 bona,
1044 682 1146 750 prava
1158 654 1369 747 relinquam:

378 757 445 822 Fae
459 776 554 821 orans
568 754 705 842 plorem,
721 752 851 840 plorans
865 762 900 818 et
911 750 1051 817 dulciter
1064 771 1177 829 cremt

382 844 432 911 Ut
446 844 546 911 modo
560 843 696 911 earnalis
711 864 771 929 per
785 852 819 908 te
834 840 894 907 sim
909 838 1092 926 spiritualis,

363 1233 482 1317 [aar.
501 1232 810 1315 xmp-amum
822 1233 982 1298 armam
997 1234 1031 1297 a
1045 1232 1151 1299 nam
1165 1234 1286 1300 uuest

384 1485 474 1553 Hine
490 1483 630 1551 sacriora
645 1484 738 1568 petis,
755 1481 960 1548 terrestribus
976 1481 1120 1572 undique
1132 1484 1266 1571 spretis:

388 1576 427 1640 In
444 1574 471 1639 F
472 1595 550 1638 arne
565 1572 696 1637 latebris
712 1571 795 1636 coelo
810 1570 900 1657 cupis
916 1594 984 1637 esse
1000 1572 1155 1649 celebris;

385 1663 496 1727 Terris
512 1661 665 1739 occultus,
682 1682 790 1726 rerum
805 1658 938 1725 vitando
954 1661 1121 1727 tumultus.

386 1750 472 1816 Haec
489 1772 585 1837 super
600 1767 649 1813 est
663 1770 741 1813 cura
757 1770 813 1833 spe
827 1764 1029 1838 praegustare
1043 1747 1173 1828 futura3

387 1837 474 1903 Haec
489 1836 650 1926 gustando
666 1858 771 1914 vacas,
787 1835 954 1902 Christum
970 1836 1111 1915 lacrima,
1127 1859 1235 1923 prece,
1251 1836 1373 1923 placas.

350 2004 359 2017 ,
389 1926 478 1990 Vivis
493 1949 533 1991 eo
548 1936 670 2011 raptus,
684 1947 800 2013 magna
815 1924 984 1989 dulcedine
1000 1937 1130 2011 captus:

387 2013 479 2078 Vivis
496 2026 528 2079 et
544 2012 671 2090 insistis,
688 2012 736 2077 nil
751 2024 784 2077 te
799 2012 941 2077 deflectit
956 2014 998 2077 ab
1014 2012 1091 2081 istis.

388 2102 475 2167 Haec
490 2114 613 2167 secreta
627 2098 691 2165 loci
705 2098 809 2165 tenuit
824 2113 1005 2189 cumgente
1018 2099 1118 2167 feroci

390 2188 512 2255 Inferni
527 2190 689 2275 princeps,
707 2188 764 2253 sed
779 2188 889 2273 pulsus
902 2190 944 2253 ab
959 2189 1036 2254 inde
1050 2188 1213 2275 deinceps,

392 2278 519 2363 Expers
536 2277 573 2341 fit
589 2275 684 2353 sedis,
703 2273 814 2355 culte,
832 2276 1041 2356 sanctissime,
1058 2277 1173 2343 credis.

392 2364 513 2432 Christi
528 2364 638 2443 lorica,
652 2364 808 2451 galeaque
823 2364 932 2430 salutis
948 2367 1061 2445 amica,

391 2455 436 2519 Et
447 2452 556 2539 gladio
572 2451 660 2518 verbi
676 2452 795 2539 premis
811 2452 911 2519 hostis
927 2454 1011 2519 colla
1025 2452 1165 2540 superbi.

393 2542 518 2608 Taliter
533 2554 683 2619 armatus,
699 2540 796 2608 struis
810 2540 863 2608 hic
878 2556 934 2607 tua
948 2559 1053 2608 castra
1067 2543 1231 2629 probatus.

396 2631 451 2696 Sic
465 2630 579 2696 mundi
594 2652 686 2695 curas
702 2652 774 2696 cum
792 2631 914 2695 mundo
922 2633 991 2719 jam
1007 2630 1144 2696 ruituras

393 2720 460 2786 Fac
471 2733 508 2785 ut
523 2740 584 2807 ego
600 2740 760 2805 spernam,
776 2718 874 2783 vitam
890 2720 1052 2806 gustando
1067 2739 1260 2805 supernam:

396 2807 461 2872 Fac
478 2806 582 2871 sitiam
599 2807 737 2871 multum
753 2804 948 2872 dominantis
965 2830 1096 2873 cernere
1112 2807 1246 2884 vultum,

401 2894 508 2971 Quem
524 2894 651 2959 rideam
666 2895 798 2961 tandem
813 2907 940 2961 sanctos
956 2917 1014 2981 per
1028 2895 1125 2962 saecla
1139 2896 1300 2960 beantem.

412 3280 532 3370 [aar.
549 3282 963 3436 xviia-ammam
977 3286 1148 3356 anamma
1160 3304 1276 3370 aquam

403 3628 490 3695 Fons
506 3623 547 3688 de
562 3645 643 3710 rupe
658 3622 753 3687 datus
768 3621 864 3687 fluxit
875 3622 934 3688 tibi
948 3644 1082 3690 munere
1095 3636 1225 3713 gratus:
1275 3702 1279 3708 ¹

397 3712 529 3783 Prosilit
544 3736 561 3775 e
577 3724 670 3797 petra
685 3710 743 3775 tibi
758 3710 972 3777 conveniente
988 3724 1125 3778 metreta
1139 3736 1149 3789 3

405 3803 492 3869 Hine
507 3798 600 3878 bibis,
613 3798 688 3863 hinc
703 3798 836 3883 gaudes,
853 3802 942 3865 canis
956 3800 1032 3866 hinc
1048 3822 1091 3865 ex
1104 3814 1236 3887 pectore
1250 3801 1373 3870 laudes.

406 3892 483 3957 Plus
495 3888 588 3974 hujus
603 3899 734 3974 gustum
749 3909 845 3974 quam
861 3887 1053 3953 delectabile
1069 3903 1209 3957 mustum

405 3974 534 4067 Diligis,
548 3988 581 4041 et
596 3973 695 4039 mavis
710 3996 808 4063 quarn
820 3975 886 4041 vini
901 3976 1019 4065 poeula
1033 3978 1149 4045 suavis.
