<?xml version="1.0" encoding="UTF-8"?>
<!DOCTYPE html PUBLIC "-//W3C//DTD XHTML 1.0 Transitional//EN"
    "http://www.w3.org/TR/xhtml1/DTD/xhtml1-transitional.dtd">
<html xmlns="http://www.w3.org/1999/xhtml" xml:lang="en" lang="en">
 <head>
  <title>
</title>
<meta http-equiv="Content-Type" content="text/html;charset=utf-8" />
  <meta name='ocr-system' content='tesseract 3.04.00' />
  <meta name='ocr-capabilities' content='ocr_page ocr_carea ocr_par ocr_line ocrx_word'/>
</head>
<body>
  <div class='ocr_page' id='page_1' title='image "./miscellaneabiog02raingoog_0119.png"; bbox 0 0 3142 5159; ppageno 0'>
   <div class='ocr_carea' id='block_1_1' title="bbox 647 456 886 511">
    <p class='ocr_par' dir='ltr' id='par_1_1' title="bbox 647 456 886 511">
     <span class='ocr_line' id='line_1_1' title="bbox 647 456 886 511; baseline 0.004 -3"><span class='ocrx_word' id='word_1_1' title='bbox 647 456 886 511; x_wconf 65' lang='lat' dir='ltr'>cumanum.</span> 
     </span>
    </p>
   </div>
   <div class='ocr_carea' id='block_1_2' title="bbox 319 888 1200 1063">
    <p class='ocr_par' dir='ltr' id='par_1_2' title="bbox 319 888 1200 1063">
     <span class='ocr_line' id='line_1_2' title="bbox 319 888 1200 1063; baseline 0.005 -104"><span class='ocrx_word' id='word_1_2' title='bbox 319 893 436 975; x_wconf 81' lang='lat' dir='ltr'><em>[CAP.</em></span> <span class='ocrx_word' id='word_1_3' title='bbox 453 888 867 1063; x_wconf 46' lang='lat' dir='ltr'>XVIII.]—Dekrrtrilrff‹2nculo</span> <span class='ocrx_word' id='word_1_4' title='bbox 881 898 969 979; x_wconf 84' lang='lat' dir='ltr'>quod</span> <span class='ocrx_word' id='word_1_5' title='bbox 982 897 1019 961; x_wconf 80' lang='lat' dir='ltr'>de</span> <span class='ocrx_word' id='word_1_6' title='bbox 1033 898 1200 979; x_wconf 62' lang='lat' dir='ltr'>incusante</span> 
     </span>
     <span class='ocr_line' id='line_1_3' title="bbox 667 1000 843 1044; baseline 0 0"><span class='ocrx_word' id='word_1_7' title='bbox 667 1000 700 1044; x_wconf 81' lang='lat' dir='ltr'>ro</span> <span class='ocrx_word' id='word_1_8' title='bbox 834 1028 843 1044; x_wconf 91' lang='lat'><strong>.</strong></span> 
     </span>
    </p>
   </div>
   <div class='ocr_carea' id='block_1_3' title="bbox 315 1204 1251 1999">
    <p class='ocr_par' dir='ltr' id='par_1_3' title="bbox 315 1204 1207 1557">
     <span class='ocr_line' id='line_1_4' title="bbox 318 1204 1159 1294; baseline 0 -21"><span class='ocrx_word' id='word_1_9' title='bbox 318 1205 381 1273; x_wconf 91' lang='lat' dir='ltr'>Hic</span> <span class='ocrx_word' id='word_1_10' title='bbox 396 1206 469 1272; x_wconf 87' lang='lat' dir='ltr'>fons</span> <span class='ocrx_word' id='word_1_11' title='bbox 481 1205 633 1271; x_wconf 91' lang='lat' dir='ltr'>nimirum</span> <span class='ocrx_word' id='word_1_12' title='bbox 649 1204 803 1272; x_wconf 72' lang='lat' dir='ltr'>fecithoc</span> <span class='ocrx_word' id='word_1_13' title='bbox 817 1208 851 1271; x_wconf 90' lang='lat' dir='ltr'>in</span> <span class='ocrx_word' id='word_1_14' title='bbox 866 1218 1015 1294; x_wconf 87' lang='lat' dir='ltr'>tempore</span> <span class='ocrx_word' id='word_1_15' title='bbox 1029 1207 1159 1289; x_wconf 90' lang='lat' dir='ltr'>mirum,</span> 
     </span>
     <span class='ocr_line' id='line_1_5' title="bbox 315 1292 1207 1385; baseline 0.006 -27"><span class='ocrx_word' id='word_1_16' title='bbox 315 1294 391 1360; x_wconf 89' lang='lat' dir='ltr'>Istis</span> <span class='ocrx_word' id='word_1_17' title='bbox 406 1306 547 1382; x_wconf 86' lang='lat' dir='ltr'>potatur,</span> <span class='ocrx_word' id='word_1_18' title='bbox 564 1292 624 1359; x_wconf 88' lang='lat' dir='ltr'>illis</span> <span class='ocrx_word' id='word_1_19' title='bbox 637 1294 779 1379; x_wconf 84' lang='lat' dir='ltr'>potando</span> <span class='ocrx_word' id='word_1_20' title='bbox 795 1307 944 1385; x_wconf 88' lang='lat' dir='ltr'>negatur.</span> <span class='ocrx_word' id='word_1_21' title='bbox 1205 1303 1207 1308; x_wconf 82' lang='lat'>&#39;</span> 
     </span>
     <span class='ocr_line' id='line_1_6' title="bbox 322 1382 1162 1471; baseline 0.006 -24"><span class='ocrx_word' id='word_1_22' title='bbox 322 1383 469 1471; x_wconf 85' lang='lat' dir='ltr'><strong>Namque</strong></span> <span class='ocrx_word' id='word_1_23' title='bbox 485 1384 541 1448; x_wconf 87' lang='lat' dir='ltr'>dat</span> <span class='ocrx_word' id='word_1_24' title='bbox 556 1382 687 1461; x_wconf 89' lang='lat' dir='ltr'>insonti,</span> <span class='ocrx_word' id='word_1_25' title='bbox 705 1383 762 1448; x_wconf 88' lang='lat' dir='ltr'>sed</span> <span class='ocrx_word' id='word_1_26' title='bbox 777 1406 844 1448; x_wconf 92' lang='lat' dir='ltr'>non</span> <span class='ocrx_word' id='word_1_27' title='bbox 859 1383 916 1449; x_wconf 89' lang='lat' dir='ltr'>dat</span> <span class='ocrx_word' id='word_1_28' title='bbox 929 1385 1047 1471; x_wconf 87' lang='lat' dir='ltr'>pocula</span> <span class='ocrx_word' id='word_1_29' title='bbox 1058 1388 1162 1453; x_wconf 85' lang='lat' dir='ltr'>sonti:</span> 
     </span>
     <span class='ocr_line' id='line_1_7' title="bbox 317 1470 1025 1557; baseline 0.004 -21"><span class='ocrx_word' id='word_1_30' title='bbox 317 1471 432 1536; x_wconf 86' lang='lat' dir='ltr'>Insons</span> <span class='ocrx_word' id='word_1_31' title='bbox 447 1472 524 1536; x_wconf 88' lang='lat' dir='ltr'>iude</span> <span class='ocrx_word' id='word_1_32' title='bbox 539 1470 632 1548; x_wconf 85' lang='lat' dir='ltr'>bibit,</span> <span class='ocrx_word' id='word_1_33' title='bbox 650 1470 760 1535; x_wconf 87' lang='lat' dir='ltr'>sitiens</span> <span class='ocrx_word' id='word_1_34' title='bbox 775 1472 881 1557; x_wconf 86' lang='lat' dir='ltr'>pirata</span> <span class='ocrx_word' id='word_1_35' title='bbox 895 1473 1025 1551; x_wconf 90' lang='lat' dir='ltr'>redibit,</span> 
     </span>
    </p>

    <p class='ocr_par' dir='ltr' id='par_1_4' title="bbox 315 1559 1042 1648">
     <span class='ocr_line' id='line_1_8' title="bbox 315 1559 1042 1648; baseline 0.003 -24"><span class='ocrx_word' id='word_1_36' title='bbox 315 1559 467 1648; x_wconf 90' lang='lat' dir='ltr'>Denique</span> <span class='ocrx_word' id='word_1_37' title='bbox 483 1562 621 1625; x_wconf 80' lang='lat' dir='ltr'>siccatur·</span> <span class='ocrx_word' id='word_1_38' title='bbox 636 1572 752 1624; x_wconf 87' lang='lat' dir='ltr'>utnon</span> <span class='ocrx_word' id='word_1_39' title='bbox 767 1582 788 1623; x_wconf 91' lang='lat' dir='ltr'>a</span> <span class='ocrx_word' id='word_1_40' title='bbox 797 1574 890 1627; x_wconf 89' lang='lat' dir='ltr'>sonte</span> <span class='ocrx_word' id='word_1_41' title='bbox 904 1561 1042 1627; x_wconf 84' lang='lat' dir='ltr'>bibatur.</span> 
     </span>
    </p>

    <p class='ocr_par' dir='ltr' id='par_1_5' title="bbox 318 1647 1205 1803">
     <span class='ocr_line' id='line_1_9' title="bbox 318 1647 1205 1734; baseline 0.005 -24"><span class='ocrx_word' id='word_1_42' title='bbox 318 1647 375 1710; x_wconf 86' lang='lat' dir='ltr'>Vir</span> <span class='ocrx_word' id='word_1_43' title='bbox 391 1647 497 1713; x_wconf 90' lang='lat' dir='ltr'>meriti</span> <span class='ocrx_word' id='word_1_44' title='bbox 513 1647 604 1724; x_wconf 86' lang='lat' dir='ltr'>tanti,</span> <span class='ocrx_word' id='word_1_45' title='bbox 622 1668 728 1732; x_wconf 88' lang='lat' dir='ltr'>prece,</span> <span class='ocrx_word' id='word_1_46' title='bbox 747 1669 821 1734; x_wconf 85' lang='lat' dir='ltr'>quae</span> <span class='ocrx_word' id='word_1_47' title='bbox 837 1649 945 1733; x_wconf 86' lang='lat' dir='ltr'>placet</span> <span class='ocrx_word' id='word_1_48' title='bbox 961 1651 1205 1729; x_wconf 88' lang='lat' dir='ltr'>omne-creanti,</span> 
     </span>
     <span class='ocr_line' id='line_1_10' title="bbox 318 1734 1054 1803; baseline 0.003 -4"><span class='ocrx_word' id='word_1_49' title='bbox 318 1736 405 1803; x_wconf 83' lang='lat' dir='ltr'>Saxa</span> <span class='ocrx_word' id='word_1_50' title='bbox 419 1759 502 1800; x_wconf 85' lang='lat' dir='ltr'>meae</span> <span class='ocrx_word' id='word_1_51' title='bbox 519 1734 634 1799; x_wconf 89' lang='lat' dir='ltr'>mentis</span> <span class='ocrx_word' id='word_1_52' title='bbox 650 1734 744 1799; x_wconf 89' lang='lat' dir='ltr'>fletus</span> <span class='ocrx_word' id='word_1_53' title='bbox 762 1736 889 1799; x_wconf 90' lang='lat' dir='ltr'>mollito</span> <span class='ocrx_word' id='word_1_54' title='bbox 904 1735 1054 1801; x_wconf 88' lang='lat' dir='ltr'>fluentis:</span> 
     </span>
    </p>

    <p class='ocr_par' dir='ltr' id='par_1_6' title="bbox 319 1821 1251 1999">
     <span class='ocr_line' id='line_1_11' title="bbox 319 1821 1251 1911; baseline 0.004 -25"><span class='ocrx_word' id='word_1_55' title='bbox 319 1822 484 1911; x_wconf 85' lang='lat' dir='ltr'>Quicquid</span> <span class='ocrx_word' id='word_1_56' title='bbox 498 1824 598 1888; x_wconf 87' lang='lat' dir='ltr'>babet</span> <span class='ocrx_word' id='word_1_57' title='bbox 612 1821 714 1886; x_wconf 89' lang='lat' dir='ltr'>sordis</span> <span class='ocrx_word' id='word_1_58' title='bbox 730 1822 819 1887; x_wconf 85' lang='lat' dir='ltr'>lavet</span> <span class='ocrx_word' id='word_1_59' title='bbox 833 1824 895 1888; x_wconf 93' lang='lat' dir='ltr'>hoc</span> <span class='ocrx_word' id='word_1_60' title='bbox 911 1824 1118 1910; x_wconf 87' lang='lat' dir='ltr'>compunctio</span> <span class='ocrx_word' id='word_1_61' title='bbox 1133 1823 1251 1905; x_wconf 91' lang='lat' dir='ltr'>cordis,</span> 
     </span>
     <span class='ocr_line' id='line_1_12' title="bbox 319 1909 1177 1999; baseline -0.001 -22"><span class='ocrx_word' id='word_1_62' title='bbox 319 1909 367 1977; x_wconf 91' lang='lat' dir='ltr'>Ut</span> <span class='ocrx_word' id='word_1_63' title='bbox 383 1912 424 1977; x_wconf 91' lang='lat' dir='ltr'>de</span> <span class='ocrx_word' id='word_1_64' title='bbox 439 1914 529 1977; x_wconf 88' lang='lat' dir='ltr'>fonte</span> <span class='ocrx_word' id='word_1_65' title='bbox 543 1910 663 1989; x_wconf 88' lang='lat' dir='ltr'>bibam,</span> <span class='ocrx_word' id='word_1_66' title='bbox 680 1931 738 1995; x_wconf 90' lang='lat' dir='ltr'>per</span> <span class='ocrx_word' id='word_1_67' title='bbox 754 1932 851 1997; x_wconf 89' lang='lat' dir='ltr'>quem</span> <span class='ocrx_word' id='word_1_68' title='bbox 866 1934 924 1999; x_wconf 88' lang='lat' dir='ltr'>per</span> <span class='ocrx_word' id='word_1_69' title='bbox 940 1911 1047 1977; x_wconf 89' lang='lat' dir='ltr'>secula</span> <span class='ocrx_word' id='word_1_70' title='bbox 1062 1914 1177 1978; x_wconf 82' lang='lat' dir='ltr'>vivam.</span> 
     </span>
    </p>
   </div>
   <div class='ocr_carea' id='block_1_4' title="bbox 328 2273 1191 2449">
    <p class='ocr_par' dir='ltr' id='par_1_7' title="bbox 328 2273 1191 2449">
     <span class='ocr_line' id='line_1_13' title="bbox 328 2273 1191 2432; baseline 0.001 -90"><span class='ocrx_word' id='word_1_71' title='bbox 328 2275 445 2357; x_wconf 83' lang='lat' dir='ltr'>[cAP.</span> <span class='ocrx_word' id='word_1_72' title='bbox 463 2273 751 2432; x_wconf 52' lang='lat' dir='ltr'>XIX.]-Quo;lba</span> <span class='ocrx_word' id='word_1_73' title='bbox 763 2298 827 2431; x_wconf 47' lang='lat' dir='ltr'>osuii</span> <span class='ocrx_word' id='word_1_74' title='bbox 841 2296 936 2342; x_wconf 81' lang='lat' dir='ltr'>messe</span> <span class='ocrx_word' id='word_1_75' title='bbox 949 2278 1040 2342; x_wconf 78' lang='lat' dir='ltr'>verbo</span> <span class='ocrx_word' id='word_1_76' title='bbox 1053 2280 1191 2344; x_wconf 76' lang='lat' dir='ltr'>volucres</span> 
     </span>
     <span class='ocr_line' id='line_1_14' title="bbox 727 2388 831 2449; baseline 0 -22"><span class='ocrx_word' id='word_1_77' title='bbox 727 2388 763 2449; x_wconf 69' lang='lat' dir='ltr'>ey</span> <span class='ocrx_word' id='word_1_78' title='bbox 823 2413 831 2427; x_wconf 87' lang='lat'><strong>.</strong></span> 
     </span>
    </p>
   </div>
   <div class='ocr_carea' id='block_1_5' title="bbox 313 2588 1212 3287">
    <p class='ocr_par' dir='ltr' id='par_1_8' title="bbox 314 2588 1212 2765">
     <span class='ocr_line' id='line_1_15' title="bbox 314 2588 1212 2676; baseline 0 -22"><span class='ocrx_word' id='word_1_79' title='bbox 314 2590 436 2656; x_wconf 89' lang='lat' dir='ltr'>Vivens</span> <span class='ocrx_word' id='word_1_80' title='bbox 452 2610 541 2653; x_wconf 92' lang='lat' dir='ltr'>more</span> <span class='ocrx_word' id='word_1_81' title='bbox 557 2601 696 2673; x_wconf 85' lang='lat' dir='ltr'>patrum,</span> <span class='ocrx_word' id='word_1_82' title='bbox 713 2610 933 2676; x_wconf 87' lang='lat' dir='ltr'>manuumque</span> <span class='ocrx_word' id='word_1_83' title='bbox 947 2588 1059 2653; x_wconf 89' lang='lat' dir='ltr'>labore</span> <span class='ocrx_word' id='word_1_84' title='bbox 1074 2602 1212 2670; x_wconf 86' lang='lat' dir='ltr'>tuarum,</span> 
     </span>
     <span class='ocr_line' id='line_1_16' title="bbox 318 2676 1043 2765; baseline -0.003 -22"><span class='ocrx_word' id='word_1_85' title='bbox 318 2677 512 2744; x_wconf 84' lang='lat' dir='ltr'>Credideras</span> <span class='ocrx_word' id='word_1_86' title='bbox 527 2676 595 2742; x_wconf 90' lang='lat' dir='ltr'>ruri</span> <span class='ocrx_word' id='word_1_87' title='bbox 611 2701 699 2765; x_wconf 90' lang='lat' dir='ltr'>spem</span> <span class='ocrx_word' id='word_1_88' title='bbox 717 2678 819 2743; x_wconf 90' lang='lat' dir='ltr'>victus</span> <span class='ocrx_word' id='word_1_89' title='bbox 834 2689 911 2743; x_wconf 87' lang='lat' dir='ltr'>vota</span> <span class='ocrx_word' id='word_1_90' title='bbox 925 2677 1043 2743; x_wconf 88' lang='lat' dir='ltr'>futuri:</span> 
     </span>
    </p>

    <p class='ocr_par' dir='ltr' id='par_1_9' title="bbox 313 2765 1141 2941">
     <span class='ocr_line' id='line_1_17' title="bbox 313 2765 1141 2850; baseline -0.004 -18"><span class='ocrx_word' id='word_1_91' title='bbox 313 2767 381 2832; x_wconf 84' lang='lat' dir='ltr'>¹Sed</span> <span class='ocrx_word' id='word_1_92' title='bbox 397 2780 453 2831; x_wconf 86' lang='lat' dir='ltr'>tua</span> <span class='ocrx_word' id='word_1_93' title='bbox 466 2780 654 2850; x_wconf 87' lang='lat' dir='ltr'>raptantum</span> <span class='ocrx_word' id='word_1_94' title='bbox 671 2780 741 2833; x_wconf 85' lang='lat' dir='ltr'>sata</span> <span class='ocrx_word' id='word_1_95' title='bbox 755 2767 839 2831; x_wconf 88' lang='lat' dir='ltr'>laesit</span> <span class='ocrx_word' id='word_1_96' title='bbox 856 2766 951 2830; x_wconf 89' lang='lat' dir='ltr'>turba</span> <span class='ocrx_word' id='word_1_97' title='bbox 963 2765 1141 2844; x_wconf 89' lang='lat' dir='ltr'>volantum,</span> 
     </span>
     <span class='ocr_line' id='line_1_18' title="bbox 320 2853 1074 2941; baseline -0.003 -23"><span class='ocrx_word' id='word_1_98' title='bbox 320 2854 408 2929; x_wconf 84' lang='lat' dir='ltr'>Quas</span> <span class='ocrx_word' id='word_1_99' title='bbox 423 2854 599 2941; x_wconf 87' lang='lat' dir='ltr'>prohibens</span> <span class='ocrx_word' id='word_1_100' title='bbox 615 2855 683 2919; x_wconf 89' lang='lat' dir='ltr'>istis</span> <span class='ocrx_word' id='word_1_101' title='bbox 694 2857 785 2941; x_wconf 85' lang='lat' dir='ltr'>jussu</span> <span class='ocrx_word' id='word_1_102' title='bbox 803 2854 939 2939; x_wconf 87' lang='lat' dir='ltr'>depellis</span> <span class='ocrx_word' id='word_1_103' title='bbox 954 2853 1074 2919; x_wconf 86' lang='lat' dir='ltr'>aristis:</span> 
     </span>
    </p>

    <p class='ocr_par' dir='ltr' id='par_1_10' title="bbox 316 2941 1205 3117">
     <span class='ocr_line' id='line_1_19' title="bbox 316 2941 1205 3031; baseline 0.002 -26"><span class='ocrx_word' id='word_1_104' title='bbox 316 2943 407 3009; x_wconf 91' lang='lat' dir='ltr'>Hinc</span> <span class='ocrx_word' id='word_1_105' title='bbox 430 2965 471 3007; x_wconf 89' lang='lat' dir='ltr'>ue</span> <span class='ocrx_word' id='word_1_106' title='bbox 486 2955 575 3006; x_wconf 90' lang='lat' dir='ltr'>tuam</span> <span class='ocrx_word' id='word_1_107' title='bbox 591 2957 713 3009; x_wconf 88' lang='lat' dir='ltr'>temere</span> <span class='ocrx_word' id='word_1_108' title='bbox 728 2966 863 3009; x_wconf 86' lang='lat' dir='ltr'>messem</span> <span class='ocrx_word' id='word_1_109' title='bbox 881 2964 1044 3030; x_wconf 90' lang='lat' dir='ltr'>nunquam</span> <span class='ocrx_word' id='word_1_110' title='bbox 1061 2941 1205 3031; x_wconf 87' lang='lat' dir='ltr'>tetigere.</span> 
     </span>
     <span class='ocr_line' id='line_1_20' title="bbox 319 2967 1089 3117; baseline -0.004 -21"><span class='ocrx_word' id='word_1_111' title='bbox 319 3032 383 3111; x_wconf 86' lang='lat' dir='ltr'>Sic,</span> <span class='ocrx_word' id='word_1_112' title='bbox 403 2967 524 3095; x_wconf 74' lang='lat' dir='ltr'>dhristi</span> <span class='ocrx_word' id='word_1_113' title='bbox 541 3030 640 3096; x_wconf 87' lang='lat' dir='ltr'>verbo</span> <span class='ocrx_word' id='word_1_114' title='bbox 655 3033 749 3117; x_wconf 91' lang='lat' dir='ltr'>pulso</span> <span class='ocrx_word' id='word_1_115' title='bbox 767 3032 924 3116; x_wconf 84' lang='lat' dir='ltr'>praedone</span> <span class='ocrx_word' id='word_1_116' title='bbox 940 3030 1089 3116; x_wconf 91' lang='lat' dir='ltr'>superbo,</span> 
     </span>
    </p>

    <p class='ocr_par' dir='ltr' id='par_1_11' title="bbox 318 3118 1121 3287">
     <span class='ocr_line' id='line_1_21' title="bbox 318 3118 1121 3195; baseline -0.001 -12"><span class='ocrx_word' id='word_1_117' title='bbox 318 3119 383 3183; x_wconf 85' lang='lat' dir='ltr'>Fac</span> <span class='ocrx_word' id='word_1_118' title='bbox 397 3140 506 3184; x_wconf 87' lang='lat' dir='ltr'>semen</span> <span class='ocrx_word' id='word_1_119' title='bbox 522 3134 669 3184; x_wconf 89' lang='lat' dir='ltr'>sanctum</span> <span class='ocrx_word' id='word_1_120' title='bbox 686 3120 811 3185; x_wconf 84' lang='lat' dir='ltr'>radicet</span> <span class='ocrx_word' id='word_1_121' title='bbox 827 3118 931 3183; x_wconf 90' lang='lat' dir='ltr'>cordis</span> <span class='ocrx_word' id='word_1_122' title='bbox 947 3119 981 3183; x_wconf 94' lang='lat' dir='ltr'>in</span> <span class='ocrx_word' id='word_1_123' title='bbox 997 3118 1121 3195; x_wconf 83' lang='lat' dir='ltr'>eltum3</span> 
     </span>
     <span class='ocr_line' id='line_1_22' title="bbox 318 3206 1104 3287; baseline 0.003 -14"><span class='ocrx_word' id='word_1_124' title='bbox 318 3207 418 3273; x_wconf 89' lang='lat' dir='ltr'>Unde</span> <span class='ocrx_word' id='word_1_125' title='bbox 433 3206 515 3272; x_wconf 90' lang='lat' dir='ltr'>fides</span> <span class='ocrx_word' id='word_1_126' title='bbox 531 3220 665 3287; x_wconf 89' lang='lat' dir='ltr'>crescat,</span> <span class='ocrx_word' id='word_1_127' title='bbox 683 3221 719 3274; x_wconf 88' lang='lat' dir='ltr'>et</span> <span class='ocrx_word' id='word_1_128' title='bbox 734 3206 906 3274; x_wconf 90' lang='lat' dir='ltr'>crescendo</span> <span class='ocrx_word' id='word_1_129' title='bbox 922 3206 1104 3275; x_wconf 84' lang='lat' dir='ltr'>revirescat.</span> 
     </span>
    </p>
   </div>
   <div class='ocr_carea' id='block_1_6' title="bbox 289 3568 1230 3744">
    <p class='ocr_par' dir='ltr' id='par_1_12' title="bbox 289 3568 1230 3744">
     <span class='ocr_line' id='line_1_23' title="bbox 289 3568 1230 3663; baseline -0.011 -24"><span class='ocrx_word' id='word_1_130' title='bbox 289 3571 403 3663; x_wconf 86' lang='lat' dir='ltr'><em>[CAP.</em></span> <span class='ocrx_word' id='word_1_131' title='bbox 422 3571 659 3655; x_wconf 57' lang='lat' dir='ltr'>itm-Quod</span> <span class='ocrx_word' id='word_1_132' title='bbox 667 3576 752 3637; x_wconf 81' lang='lat' dir='ltr'>corui</span> <span class='ocrx_word' id='word_1_133' title='bbox 767 3573 918 3653; x_wconf 78' lang='lat' dir='ltr'>injuriam</span> <span class='ocrx_word' id='word_1_134' title='bbox 932 3589 1027 3655; x_wconf 75' lang='lat' dir='ltr'>qrram</span> <span class='ocrx_word' id='word_1_135' title='bbox 1040 3570 1071 3632; x_wconf 82' lang='lat' dir='ltr'>ei</span> <span class='ocrx_word' id='word_1_136' title='bbox 1074 3568 1230 3647; x_wconf 63' lang='lat' dir='ltr'>fixerant,</span> 
     </span>
     <span class='ocr_line' id='line_1_24' title="bbox 468 3662 1042 3744; baseline -0.01 -18"><span class='ocrx_word' id='word_1_137' title='bbox 468 3663 612 3744; x_wconf 71' lang='lat' dir='ltr'>precibus</span> <span class='ocrx_word' id='word_1_138' title='bbox 626 3670 655 3725; x_wconf 81' lang='lat' dir='ltr'>ct</span> <span class='ocrx_word' id='word_1_139' title='bbox 669 3662 846 3726; x_wconf 76' lang='lat' dir='ltr'>muueribtu</span> <span class='ocrx_word' id='word_1_140' title='bbox 854 3667 1042 3741; x_wconf 71' lang='lat' dir='ltr'>purqamur.</span> 
     </span>
    </p>
   </div>
   <div class='ocr_carea' id='block_1_7' title="bbox 316 3884 1216 4416">
    <p class='ocr_par' dir='ltr' id='par_1_13' title="bbox 321 3884 1080 3971">
     <span class='ocr_line' id='line_1_25' title="bbox 321 3884 1080 3971; baseline -0.003 -20"><span class='ocrx_word' id='word_1_141' title='bbox 321 3886 465 3971; x_wconf 89' lang='lat' dir='ltr'>Hospitii</span> <span class='ocrx_word' id='word_1_142' title='bbox 482 3899 602 3953; x_wconf 87' lang='lat' dir='ltr'>tectum</span> <span class='ocrx_word' id='word_1_143' title='bbox 618 3888 683 3953; x_wconf 94' lang='lat' dir='ltr'>duo</span> <span class='ocrx_word' id='word_1_144' title='bbox 699 3884 908 3952; x_wconf 85' lang='lat' dir='ltr'>dilacerando</span> <span class='ocrx_word' id='word_1_145' title='bbox 922 3895 1080 3949; x_wconf 85' lang='lat' dir='ltr'>retectum</span> 
     </span>
    </p>

    <p class='ocr_par' dir='ltr' id='par_1_14' title="bbox 316 3971 1216 4416">
     <span class='ocr_line' id='line_1_26' title="bbox 317 3971 1127 4063; baseline -0.005 -24"><span class='ocrx_word' id='word_1_146' title='bbox 317 3974 417 4039; x_wconf 86' lang='lat' dir='ltr'>Corvi</span> <span class='ocrx_word' id='word_1_147' title='bbox 431 3976 624 4053; x_wconf 88' lang='lat' dir='ltr'>rescindunt,</span> <span class='ocrx_word' id='word_1_148' title='bbox 640 3974 804 4063; x_wconf 88' lang='lat' dir='ltr'>prolisque</span> <span class='ocrx_word' id='word_1_149' title='bbox 820 3975 883 4038; x_wconf 88' lang='lat' dir='ltr'>cub</span> <span class='ocrx_word' id='word_1_150' title='bbox 895 3971 1127 4038; x_wconf 87' lang='lat' dir='ltr'>ilibusindunt:</span> 
     </span>
     <span class='ocr_line' id='line_1_27' title="bbox 316 4058 1216 4148; baseline -0.007 -21"><span class='ocrx_word' id='word_1_151' title='bbox 316 4062 480 4148; x_wconf 62' lang='lat' dir='ltr'>Principis</span> <span class='ocrx_word' id='word_1_152' title='bbox 498 4078 530 4128; x_wconf 88' lang='lat' dir='ltr'>et</span> <span class='ocrx_word' id='word_1_153' title='bbox 545 4064 675 4140; x_wconf 89' lang='lat' dir='ltr'>cedunt,</span> <span class='ocrx_word' id='word_1_154' title='bbox 693 4086 766 4127; x_wconf 89' lang='lat' dir='ltr'>nam</span> <span class='ocrx_word' id='word_1_155' title='bbox 782 4076 857 4148; x_wconf 90' lang='lat' dir='ltr'>post</span> <span class='ocrx_word' id='word_1_156' title='bbox 870 4076 926 4127; x_wconf 89' lang='lat' dir='ltr'>tua</span> <span class='ocrx_word' id='word_1_157' title='bbox 935 4063 1028 4146; x_wconf 87' lang='lat' dir='ltr'>jussa</span> <span class='ocrx_word' id='word_1_158' title='bbox 1042 4058 1216 4126; x_wconf 85' lang='lat' dir='ltr'>recedunt:</span> 
     </span>
     <span class='ocr_line' id='line_1_28' title="bbox 317 4147 1138 4236; baseline -0.006 -20"><span class='ocrx_word' id='word_1_159' title='bbox 317 4151 383 4217; x_wconf 89' lang='lat' dir='ltr'>Sed</span> <span class='ocrx_word' id='word_1_160' title='bbox 399 4175 473 4216; x_wconf 92' lang='lat' dir='ltr'>cum</span> <span class='ocrx_word' id='word_1_161' title='bbox 489 4173 565 4216; x_wconf 89' lang='lat' dir='ltr'>rura</span> <span class='ocrx_word' id='word_1_162' title='bbox 579 4151 673 4231; x_wconf 85' lang='lat' dir='ltr'>fodis,</span> <span class='ocrx_word' id='word_1_163' title='bbox 690 4164 762 4236; x_wconf 93' lang='lat' dir='ltr'>post</span> <span class='ocrx_word' id='word_1_164' title='bbox 777 4154 861 4215; x_wconf 88' lang='lat' dir='ltr'>trina</span> <span class='ocrx_word' id='word_1_165' title='bbox 875 4149 1039 4213; x_wconf 87' lang='lat' dir='ltr'>volumina</span> <span class='ocrx_word' id='word_1_166' title='bbox 1053 4147 1138 4224; x_wconf 87' lang='lat' dir='ltr'>solis,</span> 
     </span>
     <span class='ocr_line' id='line_1_29' title="bbox 316 4236 1155 4326; baseline -0.005 -23"><span class='ocrx_word' id='word_1_167' title='bbox 316 4238 409 4304; x_wconf 83' lang='lat' dir='ltr'>Alter</span> <span class='ocrx_word' id='word_1_168' title='bbox 424 4240 515 4306; x_wconf 89' lang='lat' dir='ltr'>adest</span> <span class='ocrx_word' id='word_1_169' title='bbox 530 4252 673 4318; x_wconf 78' lang='lat' dir='ltr'>moestuS,</span> <span class='ocrx_word' id='word_1_170' title='bbox 690 4251 779 4303; x_wconf 89' lang='lat' dir='ltr'>motu</span> <span class='ocrx_word' id='word_1_171' title='bbox 793 4236 870 4302; x_wconf 85' lang='lat' dir='ltr'>facit</span> <span class='ocrx_word' id='word_1_172' title='bbox 885 4236 990 4303; x_wconf 89' lang='lat' dir='ltr'>indice</span> <span class='ocrx_word' id='word_1_173' title='bbox 1006 4249 1137 4326; x_wconf 88' lang='lat' dir='ltr'>questus</span> <span class='ocrx_word' id='word_1_174' title='bbox 1145 4258 1155 4311; x_wconf 85' lang='lat'><em>3</em></span> 
     </span>
     <span class='ocr_line' id='line_1_30' title="bbox 316 4325 1157 4416; baseline -0.005 -25"><span class='ocrx_word' id='word_1_175' title='bbox 316 4333 405 4393; x_wconf 89' lang='lat' dir='ltr'>Voce</span> <span class='ocrx_word' id='word_1_176' title='bbox 421 4328 551 4416; x_wconf 87' lang='lat' dir='ltr'>quidem</span> <span class='ocrx_word' id='word_1_177' title='bbox 567 4340 692 4406; x_wconf 87' lang='lat' dir='ltr'>moeret,</span> <span class='ocrx_word' id='word_1_178' title='bbox 710 4340 805 4393; x_wconf 88' lang='lat' dir='ltr'>terrae</span> <span class='ocrx_word' id='word_1_179' title='bbox 820 4325 976 4391; x_wconf 89' lang='lat' dir='ltr'>demissus</span> <span class='ocrx_word' id='word_1_180' title='bbox 992 4326 1157 4399; x_wconf 82' lang='lat' dir='ltr'>adhaeret3</span> 
     </span>
    </p>
   </div>
   <div class='ocr_carea' id='block_1_8' title="bbox 316 4413 1177 4506">
    <p class='ocr_par' dir='ltr' id='par_1_15' title="bbox 316 4413 1177 4506">
     <span class='ocr_line' id='line_1_31' title="bbox 316 4413 1177 4506; baseline -0.008 -21"><span class='ocrx_word' id='word_1_181' title='bbox 316 4413 542 4485; x_wconf 82' lang='lat' dir='ltr'>Laurentundo</span> <span class='ocrx_word' id='word_1_182' title='bbox 551 4415 653 4505; x_wconf 74' lang='lat' dir='ltr'>jacet,</span> <span class='ocrx_word' id='word_1_183' title='bbox 669 4414 729 4483; x_wconf 86' lang='lat' dir='ltr'>sibi</span> <span class='ocrx_word' id='word_1_184' title='bbox 743 4438 810 4506; x_wconf 93' lang='lat' dir='ltr'>quo</span> <span class='ocrx_word' id='word_1_185' title='bbox 832 4429 888 4483; x_wconf 75' lang='lat' dir='ltr'>trra</span> <span class='ocrx_word' id='word_1_186' title='bbox 901 4428 1034 4504; x_wconf 86' lang='lat' dir='ltr'>pectora</span> <span class='ocrx_word' id='word_1_187' title='bbox 1053 4414 1162 4504; x_wconf 74' lang='lat' dir='ltr'>placet</span> <span class='ocrx_word' id='word_1_188' title='bbox 1167 4433 1177 4489; x_wconf 70' lang='grc' dir='ltr'><strong>ς</strong></span> 
     </span>
    </p>
   </div>
   <div class='ocr_carea' id='block_1_9' title="bbox 0 0 1582 5159">
    <p class='ocr_par' dir='ltr' id='par_1_16' title="bbox 0 0 1582 5159">
     <span class='ocr_line' id='line_1_32' title="bbox 0 0 1582 5159; baseline 0 0"><span class='ocrx_word' id='word_1_189' title='bbox 0 0 1582 5159; x_wconf 95' lang='lat' dir='ltr'> </span> 
     </span>
    </p>
   </div>
  </div>
 </body>
</html>
