3142 5159
428 1186 560 1260 VITA
588 1186 787 1261 OSWINI
813 1186 991 1276 REGIS,
1020 1194 1093 1266 &o.

182 1569 301 1651 Incipit
316 1574 463 1654 proloqns
478 1577 512 1637 in
526 1577 622 1637 vitam
637 1573 833 1641 Sanctissimi
846 1580 876 1634 et
892 1570 1120 1635 Gbrtbsissimi
1139 1570 1238 1652 chis
1252 1572 1333 1635 Dei-

269 1678 373 1806 qptram
392 1660 523 1737 oswini,
539 1662 729 1742 ecquomodo
743 1660 799 1721 sab
813 1679 883 1740 repe
901 1659 990 1722 Onon·
1003 1661 1154 1739 martyrio
1168 1668 1333 1723 coronatas

229 1915 444 2003 Antiquorum
465 1917 586 1983 incuria
602 1918 828 1982 modernorum
848 1915 1047 2001 diligentiam
1062 1915 1094 1979 in
1110 1915 1219 1982 multis
1234 1939 1332 1983 cona-

181 2002 265 2065 tibus
282 2008 369 2089 cogit
382 2006 533 2071 deficere.
582 2006 701 2069 Extitit
717 2028 856 2091 namque
875 2004 1047 2090 antiquitas
1063 2026 1150 2089 saepe
1164 2004 1331 2093 negligen-

178 2088 243 2153 tior
265 2090 387 2172 debito,
406 2094 438 2157 in
461 2094 637 2158 scribendis
660 2094 888 2178 memoriaeque
911 2090 1100 2155 mandandis
1123 2105 1329 2158 strenuorum

178 2177 319 2241 virorum
340 2181 437 2264 gestis
466 2174 704 2267 probabilibirs3
734 2194 767 2244 et
791 2177 931 2243 maxim&
953 2178 1091 2256 illorum,
1108 2202 1247 2279 quorum
1263 2180 1329 2246 vita

181 2264 349 2330 Cristianae
368 2269 445 2332 fidei
461 2269 579 2333 virtute
596 2269 736 2353 vigebat,
754 2280 788 2331 et
804 2290 889 2331 mors
905 2266 1046 2330 caritatis
1062 2267 1236 2331 eminentia
1258 2268 1329 2352 pol-

177 2352 276 2416 lebat.
325 2354 409 2419 Hinc
428 2371 477 2421 est
500 2356 588 2443 quod
604 2356 676 2419 visis
699 2355 859 2419 auditisve
886 2355 1075 2418 Sanctorum
1098 2355 1327 2420 nonnullorum

176 2439 347 2519 miraculis,
360 2466 471 2507 eorum
488 2443 650 2507 sanctitati
662 2442 923 2527 congaudemus:
938 2442 980 2505 de
989 2464 1125 2527 quorum
1141 2455 1250 2507 tamen
1261 2443 1328 2507 vica

199 2526 251 2591 uia
266 2528 363 2594 nichil
379 2544 438 2608 est,
455 2532 507 2594 vel
526 2552 637 2615 parum
655 2529 808 2614 scriptum
824 2543 982 2605 tenemus,
1000 2527 1078 2614 quid
1096 2529 1232 2613 posteris
1253 2551 1328 2614 pro-

175 2550 319 2678 duturum
331 2616 484 2694 dicamus,
499 2640 562 2681 non
578 2617 744 2680 habemus.
795 2614 921 2689 Quaerit
936 2612 1018 2678 sorte
1034 2614 1159 2701 aliquis,
1172 2638 1326 2702 quorsum
1380 2643 1383 2648 ·

174 2699 236 2764 hoc
259 2702 475 2789 principium?
523 2704 595 2788 Ego
611 2704 652 2767 ad
675 2704 745 2767 haec
764 2702 955 2787 respondeo.
1004 2702 1102 2785 Cogit
1120 2724 1173 2767 me
1195 2705 1326 2789 propria

174 2786 316 2869 devotio,
333 2791 431 2855 immo
446 2791 582 2856 fratrum
597 2791 780 2876 importuna
795 2788 827 2853 in
843 2790 988 2873 rogando
1000 2788 1165 2874 compellit
1180 2791 1323 2871 vexatio,

173 2875 322 2961 quatinus
350 2879 459 2943 Sancti
484 2879 584 2965 Regis
600 2892 634 2942 et
659 2877 803 2942 Martiris
822 2877 944 2942 Oswini
959 2876 1059 2941 vitam
1080 2878 1324 2967 martiriumque

173 2962 292 3048 scripto
312 2966 530 3031 committam:
555 2967 611 3030 sed
635 2965 774 3052 propriae
797 2964 962 3029 devotioni
984 2964 1178 3042 satisfacere,
1195 2967 1245 3030 vel
1260 2968 1325 3031 fra-

172 3063 258 3134 trum
281 3052 407 3117 caritati
430 3055 574 3132 obedire,
600 3053 632 3117 in
655 3054 715 3117 hac
737 3076 774 3117 re
797 3076 861 3117 non
884 3051 1076 3138 permittor3
1099 3052 1175 3151 quia
1196 3053 1238 3117 de
1257 3054 1325 3119 vita

171 3152 316 3205 morteve
343 3145 423 3229 ejus,
445 3164 580 3230 quarum
604 3155 740 3227 utraque
764 3142 797 3204 in
820 3153 995 3225 conspectu
1018 3139 1153 3205 Domini
1176 3141 1324 3225 preciosa

170 3226 292 3305 extitit,
306 3250 419 3313 parum
435 3230 467 3294 in
483 3244 628 3294 veterum
644 3227 809 3293 annalibus
824 3228 962 3313 reperio.
1010 3226 1162 3314 Namque
1180 3228 1322 3295 Venera-

169 3312 241 3376 bilis
268 3314 360 3380 Beda
375 3316 408 3379 in
424 3318 605 3402 Anglorum
628 3316 770 3401 hystoria
785 3315 883 3380 vitam
903 3328 1104 3402 mortemque
1132 3315 1240 3380 Sancti
1258 3318 1321 3383 Os-

168 3400 242 3464 wini
257 3403 417 3468 succincte
433 3405 661 3490 perstringens,
679 3427 739 3468 nec
750 3404 849 3467 vitam
866 3406 933 3490 ejus
949 3416 985 3466 ut
1001 3402 1143 3480 deceret,
1159 3426 1220 3468 nec
1234 3426 1321 3469 mor-

169 3500 236 3551 tem
265 3503 302 3553 ut
332 3505 508 3576 oporteret,
547 3492 741 3555 declaravit:
781 3504 950 3577 utramque
980 3503 1088 3554 tamen
1123 3491 1318 3556 innocentiae

167 3574 272 3663 gloria
286 3578 482 3657 decoratam,
498 3578 590 3642 brevi
607 3579 663 3641 scd
683 3578 853 3642 commoda
871 3577 995 3642 ratione
1015 3577 1184 3642 intimavit.
1233 3579 1317 3653 Quae

169 3685 244 3727 vero
267 3665 335 3729 aliis
352 3667 403 3731 vel
419 3666 505 3731 dicta
519 3666 572 3730 vel
594 3665 712 3751 scripta
732 3677 805 3728 sunt
828 3666 869 3730 de
894 3677 983 3730 tanto
1008 3664 1165 3751 Martyre,
1183 3667 1317 3751 credere

166 3751 297 3838 quidem
320 3753 545 3839 permittimus,
563 3754 620 3818 sed
642 3752 836 3818 auctoritate
851 3776 962 3818 eorum
978 3753 1019 3816 ad
1043 3753 1239 3818 credendum
1251 3778 1317 3821 non

165 3839 321 3928 cogimur.
369 3842 414 3905 Et
428 3842 498 3907 haec
511 3855 560 3906 est
574 3839 669 3919 ratio,
687 3863 787 3929 quare
803 3841 844 3906 ad
865 3842 995 3926 plenum
1011 3842 1129 3927 exequi
1145 3840 1314 3926 impedior,

164 3929 251 4014 quod
264 3943 371 3993 tamen
384 3953 515 4017 quoquo
524 3929 622 3993 modo
635 3929 752 4017 exequi
765 3951 784 3993 a
795 3928 946 3993 fratribus
958 3926 1115 4013 oportuni
1126 3930 1314 4013 rogantibus

164 4014 320 4099 impellor,
336 4016 441 4081 fateor
462 4017 579 4104 quippe
603 4016 885 4102 praesumptionem
909 4038 989 4092 esse,
1007 4015 1095 4101 quod
1114 4016 1315 4083 Venerabilis

167 4100 259 4166 Beda
270 4105 384 4182 texuit,
398 4120 567 4180 retexere:
582 4105 718 4189 speciem
731 4126 860 4191 quoque
875 4102 1039 4188 apocriphi
1053 4103 1123 4169 fore
1134 4106 1312 4190 perpendo,

162 4188 250 4276 quod
284 4193 370 4275 apud
403 4192 526 4257 Bedam
552 4215 616 4257 non
639 4192 809 4270 invenitur,
833 4205 867 4256 et
890 4205 998 4255 tamen
1020 4190 1138 4276 passim
1171 4193 1310 4272 auditur,

160 4276 251 4364 quasi
267 4278 402 4344 veritate
418 4280 588 4346 subnixum
603 4279 778 4346 narrationi
793 4278 964 4367 hystoricae
979 4277 1153 4344 innectere.
1200 4280 1306 4347 lut...

160 4388 239 4450 ergo
262 4366 400 4432 scribere
416 4384 450 4432 et
460 4391 526 4433 uon
541 4390 686 4453 peccare,
700 4367 752 4432 vel
766 4367 875 4433 nescio
887 4366 940 4431 vel
955 4381 1019 4431 non
1033 4388 1162 4452 possum
1176 4390 1185 4431 ι
1201 4378 1308 4433 tamen

158 4452 246 4539 quod
269 4453 372 4519 miuus
398 4454 612 4541 periculosum
635 4468 683 4523 est
706 4453 840 4543 eligens,
868 4453 969 4520 Bedoe
989 4451 1129 4539 vestigiis
1152 4452 1306 4535 inhaereo,

721 4566 742 4607 Α
