3142 5159
587 488 698 537 neers
726 474 946 537 unisonum.
1294 460 1339 543 ol

187 648 288 713 bebat
312 645 472 712 incassum
492 647 709 731 expendisset,
727 646 846 714 relictis
869 646 1011 725 medicis,
1028 648 1145 713 saniori
1160 672 1218 714 usa
1232 673 1276 714 ex
1293 652 1341 717 in-

186 736 363 821 spiratione
379 735 487 797 divina
502 734 645 812 consilio,
663 736 761 799 filiam
777 736 925 811 advocat,
943 758 1078 822 eamque
1093 738 1140 800 sic
1154 737 1339 824 alloquitur.

190 833 213 864 ‘⁶
230 824 340 899 Vides,
370 834 445 886 nata
470 844 542 886 mea
571 822 764 900 dulcissima,
794 822 883 885 vides
913 835 1048 886 matrem
1078 836 1167 889 tuam
1193 826 1339 892 caecitate

185 908 367 986 incurrisse,
389 932 448 973 nec
475 910 516 973 ab
543 908 609 972 ullo
642 909 841 973 medicorum
870 910 974 972 curari
1004 932 1108 993 posse.
1156 911 1340 999 Adquiesce

184 996 286 1081 igitur
306 996 444 1060 consiliis
467 996 558 1073 meis,
585 1009 618 1059 et
645 1008 808 1061 sumentes
831 1011 955 1081 partem
979 998 1124 1081 pecuniae
1148 1021 1222 1085 quse
1245 1000 1338 1065 nobis

184 1084 347 1160 remansit,
365 1083 517 1147 adeamus
534 1082 574 1147 ad
598 1082 772 1166 gloriosum
791 1083 970 1170 Martyrem
998 1084 1150 1148 Sanctum
1176 1086 1339 1152 Thomam

187 1171 452 1234 Cantuariensem
472 1168 746 1254 archipraesulem3
770 1170 938 1256 ipsumque
957 1170 1178 1255 deprecemur,
1203 1186 1238 1237 nt
1259 1174 1337 1238 mihi

183 1256 336 1340 impetret
352 1257 371 1319 a
387 1256 463 1320 Deo
477 1256 542 1320 suis
564 1256 773 1333 orationibus,
791 1257 880 1342 quod
894 1257 1011 1320 medici
1026 1270 1191 1344 nequeunt
1206 1260 1270 1323 suis
1286 1284 1336 1325 ur-

183 1342 300 1407 tibus.”
351 1344 493 1407 Assentit
509 1343 614 1407 verbis
630 1346 739 1407 matris
755 1342 832 1421 filia,
850 1356 882 1407 et
898 1366 994 1429 quam
1010 1344 1104 1408 citius
1125 1359 1258 1429 possunt
1273 1347 1336 1412 iter

182 1424 348 1515 arripiunt,
397 1433 480 1494 Cum
496 1429 719 1514 pervenissent
740 1432 849 1517 itaque
868 1431 1084 1509 Cantuariam,
1102 1446 1136 1496 et
1150 1433 1243 1497 sactis
1259 1447 1335 1499 ante

182 1517 386 1600 sepulchrum
408 1516 538 1601 gloriosi
564 1516 716 1604 Martyris
729 1517 868 1581 Thomas
892 1517 1120 1597 oblationibus,
1137 1518 1277 1607 fusisque
1293 1522 1335 1586 ad

182 1602 293 1667 Deum
320 1627 361 1668 ex
384 1605 482 1667 corde
505 1604 661 1688 precibus,
689 1616 784 1667 nocte
812 1604 959 1689 sequenti
987 1606 1103 1669 mulier
1133 1607 1225 1670 unius
1248 1610 1334 1672 oculi

183 1689 292 1753 lumen
308 1690 441 1773 recepit.
480 1690 608 1754 Perstat
623 1690 729 1753 adhuc
745 1690 777 1753 iu
793 1690 953 1775 precibus,
971 1703 1007 1754 ut
1023 1692 1082 1755 sibi
1098 1693 1229 1756 alterius
1246 1696 1333 1759 oculi

180 1776 289 1841 lumen
304 1776 507 1841 redderetur.
557 1778 640 1841 Cum
660 1799 735 1841 ecce
752 1777 853 1857 altera
867 1790 964 1841 nocte
981 1778 1152 1842 dormienti
1168 1780 1214 1842 illi
1234 1782 1334 1845 Sanc-

118 1902 120 1909 ·
180 1878 233 1927 tus
260 1864 412 1939 Thomas,
447 1863 683 1948 pontificalibus
714 1863 847 1928 indutus
881 1864 1039 1940 vestibus,
1067 1865 1169 1929 astitit
1199 1866 1330 1933 dicens:

123 1982 125 1987 ·
181 1960 204 1997 ⁴‘
218 1950 307 2023 Quid
330 1951 381 2013 hic
405 1952 505 2035 jaces,
532 1950 670 2013 mulier?
719 1950 836 2013 Nonne
861 1950 955 2014 unius
980 1952 1089 2015 lumen
1117 1952 1176 2016 tibi
1202 1954 1330 2019 reddidi

179 2036 291 2101 oculi?
340 2038 429 2110 Quid
451 2038 503 2100 hic
526 2036 660 2121 amplius
684 2039 862 2122 expectas?
909 2036 987 2100 Non
1010 2038 1097 2102 enirn
1116 2038 1175 2103 tibi
1198 2040 1330 2105 alterius

178 2124 263 2187 oculi
284 2125 391 2187 lumen
406 2124 550 2187 reddam.
600 2122 666 2187 Sed
681 2146 776 2207 surge
792 2124 868 2201 cito,
886 2135 920 2186 et
943 2123 984 2186 ad
1007 2124 1143 2208 patriam
1168 2138 1256 2189 tuam
1278 2151 1330 2193 re·

177 2210 310 2295 pedans,
338 2211 600 2295 Tynemudtham
623 2210 712 2274 adito
725 2234 734 2285 ;
758 2223 855 2296 atque
878 2211 920 2273 ab
943 2210 1042 2293 ipsius
1066 2212 1130 2275 loci
1157 2213 1327 2293 advocato,

182 2298 302 2361 Sancto
318 2296 467 2361 videlicet
485 2299 577 2381 ltege
593 2308 627 2360 et
648 2297 795 2384 Martyre
815 2296 955 2373 Oswino,
972 2298 1081 2361 lumen
1096 2299 1227 2364 alterius
1243 2302 1328 2366 oculi

177 2397 264 2467 pete,
283 2396 316 2448 et
332 2384 399 2448 sine
416 2384 515 2447 dubio
531 2384 698 2467 accipies.''
748 2383 911 2466 Evigilans
931 2383 1039 2470 itaque
1054 2385 1170 2450 mulier
1189 2387 1327 2453 advocat

177 2471 287 2548 filiam,
305 2470 431 2555 etquid
457 2494 516 2553 per
530 2470 633 2533 visum
657 2468 781 2533 viderat
805 2470 856 2534 vel
881 2470 1037 2548 audierat,
1054 2471 1084 2534 ei
1108 2494 1166 2555 per
1181 2473 1328 2539 ordinem

177 2570 297 2621 narrat.
367 2556 438 2619 Nec
461 2578 571 2630 mora3
595 2555 800 2620 illucescente
822 2555 876 2618 die
899 2570 1045 2639 surgunt,
1062 2569 1096 2620 et
1119 2580 1184 2643 quo
1202 2562 1328 2644 jussum

176 2642 293 2720 fuerat,
310 2642 444 2726 impigre
460 2643 608 2705 tendunt.
657 2642 700 2705 Et
716 2642 882 2706 venientes
897 2654 972 2706 ante
982 2643 1185 2727 sepulchrum
1194 2647 1326 2729 gloriosi

180 2728 279 2813 Regis
303 2742 336 2793 et
360 2729 514 2813 Martyris
542 2726 671 2805 Oswini,
688 2728 774 2792 sactd
789 2728 935 2792 oratione
957 2729 1078 2813 pariter
1092 2743 1126 2794 et
1149 2732 1324 2812 oblatione,

176 2817 236 2879 sub
252 2829 346 2880 nocte
370 2816 483 2879 eadem
505 2816 635 2879 ulterius
659 2811 744 2879 oculi
766 2814 893 2878 mulieri
916 2816 1083 2880 restitutus
1106 2833 1156 2883 est
1178 2818 1274 2899 visus,
1292 2834 1324 2885 et

176 2924 270 2967 mane
282 2902 372 2967 lacto
403 2925 476 2966 curn
491 2902 557 2965 filia
572 2902 615 2965 ad
629 2902 758 2987 propria
773 2901 880 2967 rediit.

176 3162 235 3226 CA
241 3163 279 3225 P.
296 3164 577 3241 XL.——Qu0utodo
591 3165 717 3245 quidum
731 3166 768 3226 de
776 3165 940 3245 frutrilnu
953 3168 987 3225 in
996 3168 1165 3245 prasentid
1179 3167 1288 3232 Sancti
1301 3168 1324 3233 ὰ

391 3254 529 3330 corporis
543 3260 572 3313 et
584 3254 687 3314 cordis
701 3254 743 3313 sit
756 3253 937 3333 infirmitate
948 3253 1104 3316 liberatus.

222 3420 389 3484 Gloriosus
414 3421 504 3484 Deus
529 3423 563 3484 in
590 3422 714 3485 Sanctis
738 3422 903 3499 mirabilis,
920 3422 975 3507 qui
1000 3445 1100 3509 usque
1124 3425 1223 3489 modo
1247 3447 1322 3489 cum

173 3518 265 3589 patre
288 3506 477 3570 mirabiliter
500 3522 662 3592 operatur,
679 3509 848 3574 novissime
871 3509 983 3573 diebus
1007 3510 1074 3573 istis
1097 3510 1130 3573 in
1156 3511 1250 3576 Beati
1272 3513 1322 3575 sui

177 3592 276 3675 Regis
299 3607 333 3657 et
357 3593 510 3677 Martyris
530 3594 650 3659 Oswini
673 3595 794 3658 meritis
810 3597 946 3659 salutem
962 3608 1113 3680 operatus
1128 3611 1178 3659 est
1193 3598 1321 3663 cuidam

172 3678 263 3742 fratri
287 3680 319 3741 in
346 3680 455 3743 Sancti
478 3681 647 3763 praesentid
669 3682 855 3758 constituto,
880 3704 974 3768 quern
998 3683 1133 3746 molesta
1155 3683 1320 3749 infirmitas

173 3765 292 3851 duplici
315 3767 515 3830 contristavit
538 3768 753 3831 incommodo.
802 3770 900 3842 Quod
923 3770 1034 3855 ntique
1057 3769 1178 3833 facturn
1204 3772 1320 3836 litteris

172 3854 358 3917 mandatum
381 3854 514 3941 dignum
538 3855 687 3918 duximus
711 3855 751 3918 ad
775 3869 920 3939 posteros
944 3856 1170 3936 transmittere,
1189 3871 1225 3921 ut
1244 3882 1321 3944 cog·

171 3952 283 4003 noscat
305 3942 471 4024 generatio
495 3942 606 4019 altera,
624 3964 720 4027 quam
739 3942 834 4025 digne
849 3943 909 4008 iste
929 3944 1065 4007 Sanctus
1085 3944 1116 4006 in
1132 3946 1320 4011 memoriam

171 4026 307 4090 vertitur
319 4028 493 4104 hominum,
506 4028 597 4111 cujus
608 4051 698 4091 sacra
709 4028 844 4112 pignora
859 4032 1022 4113 signorum
1033 4030 1214 4117 frequentia
1226 4033 1320 4100 titulo

172 4124 273 4175 tantae
289 4114 501 4177 venerationis
517 4115 665 4178 illustrat.
711 4116 743 4177 ls
760 4129 867 4180 autern
883 4117 937 4202 qui
951 4118 1143 4196 Sanctorum
1159 4142 1259 4203 opera
1267 4124 1321 4186 vel

171 4199 298 4262 silentio
320 4201 447 4284 premit,
465 4202 516 4264 rel
536 4223 593 4285 per
609 4200 762 4265 incuriam
783 4202 985 4287 negligenter
1004 4203 1135 4281 omittit,
1152 4206 1319 4273 manifeste

173 4285 238 4348 Dei
264 4286 426 4349 beneficiis
453 4289 594 4372 ingratus
618 4310 688 4351 esse
716 4289 936 4353 convincitur:
961 4289 1036 4376 quia
1058 4292 1145 4376 quod
1170 4293 1320 4359 animalia

169 4372 265 4436 bruta
280 4372 369 4457 quasi
392 4395 450 4457 per
472 4374 670 4439 intellectum
695 4375 824 4438 trahunt
839 4376 858 4439 ὲ
873 4380 996 4453 natura,
1013 4377 1074 4450 hoc
1090 4378 1188 4441 homo
1209 4382 1320 4443 sensfis

168 4480 273 4543 capax
297 4460 329 4521 in
353 4482 386 4523 se
403 4475 516 4524 contra
531 4461 637 4544 legem
652 4462 783 4525 rationis
800 4463 927 4533 evertit,
954 4463 1072 4528 Bestiis
1087 4464 1173 4527 enim
1189 4465 1319 4530 insitum
