3142 5159
540 493 652 541 naurs
682 492 905 541 nmnonun.
1278 478 1320 544 ll

176 655 378 721 Edelwinum
401 652 516 719 domas
539 677 605 718 snae
629 666 870 739 procuratorem
893 664 1018 717 arurato
1037 654 1205 755 globatum
1227 656 1328 724 milite

172 744 303 821 direxit,
332 740 457 825 Regem
488 741 652 805 Oswinum
672 741 897 805 Beatissimum
925 741 1039 819 teneri,
1063 756 1097 806 et
1116 742 1330 807 incontinenti

172 831 259 894 ferro
276 829 430 893 transfodi
445 828 618 929 precibus
610 828 744 913 imperio
759 827 914 905 subnixis,
933 830 992 891 sub
1008 828 1128 893 debitae
1139 828 1216 893 fidei
1231 841 1328 895 attes-

173 918 295 982 tatione
321 915 488 1017 praecepit.
537 917 644 1015 Igitur
671 914 886 978 Edelwinus
878 938 912 977 ιιι
934 916 1130 979 manuforti
1155 916 1330 980 Huuwaldi

173 1006 305 1075 domurn
332 1002 449 1066 clam
441 1024 611 1102 ingressus,
636 1002 841 1065 innocentem
872 1002 995 1085 Regem
1022 1002 1185 1067 Oswinum
1212 1003 1328 1081 tenuit,

173 1092 268 1177 eique
279 1114 327 1154 sur
319 1086 462 1155 domini
474 1103 507 1155 et
518 1090 603 1191 regis
612 1088 773 1173 nephandi
791 1088 876 1153 Oswi
887 1089 1029 1153 edietum
1037 1090 1186 1153 exitiale
1178 1090 1329 1154 1nnotnit.

177 1178 345 1242 Preciosns
370 1200 447 1241 vero
468 1180 616 1261 agonista
638 1176 703 1240 Dei
724 1174 862 1259 primum
881 1199 921 1240 ex
937 1176 1091 1260 inopinati
1106 1175 1198 1241 casas
1213 1192 1330 1242 eventu

174 1268 332 1341 turbatus,
357 1264 415 1327 sed
437 1277 500 1328 stat
501 1264 545 1328 im
569 1264 687 1327 viribus
711 1262 788 1326 fidei
811 1263 1032 1340 comfortatus,
1055 1278 1088 1327 et
1109 1288 1126 1327 a
1150 1263 1331 1328 turbatione

173 1349 461 1437 expergefactus,
453 1374 487 1415 ιιι
507 1350 618 1415 mortis
637 1349 830 1415 imminentis
852 1349 1042 1414 necessitate
1061 1349 1228 1414 consilium
1244 1374 1332 1415 com·

174 1438 349 1503 manicavit
365 1460 438 1502 cum
459 1438 588 1515 virtute,
606 1451 640 1502 et
655 1436 882 1501 necessitatem
896 1437 1114 1501 inevitabilem
1130 1451 1331 1503 commutans

174 1526 207 1589 in
225 1526 376 1589 virtutem
392 1525 615 1603 voluntariam,
634 1523 766 1589 Cristi
743 1546 836 1607 signo
847 1524 995 1588 muniens
1007 1538 1119 1610 pectus
1131 1537 1165 1588 et
1177 1525 1329 1609 linguam,

174 1613 272 1676 misso
287 1612 471 1697 spiculatori
484 1613 548 1677 tale
560 1612 663 1676 fertur
675 1611 802 1675 dedisse
805 1634 1009 1711 responsum.
1048 1622 1071 1652 “
1086 1612 1235 1675 Edictum
1247 1612 1331 1697 regis

177 1700 224 1763 tui
239 1700 361 1798 pendet
375 1722 415 1763 ex
435 1698 642 1802 permissione
660 1697 725 1761 Dei
745 1699 829 1780 regis
844 1698 920 1775 mei,
941 1721 1001 1763 nec
1017 1698 1114 1762 estin
1131 1698 1332 1783 permission-

176 1787 247 1850 ibus
264 1784 379 1849 divinis
395 1785 524 1885 aliquid
531 1783 605 1849 vel
598 1789 750 1871 mjnstum
766 1785 817 1847 vel
833 1784 1059 1849 inordinatum.
1108 1786 1151 1849 Et
1166 1785 1242 1850 ideo
1256 1786 1332 1849 licet

177 1872 370 1937 innocentiae
390 1872 466 1935 mihi
482 1870 564 1936 scius
580 1894 660 1948 sum,
678 1893 737 1935 nee
753 1871 884 1935 fecerim
900 1886 982 1935 teste
998 1872 1193 1937 conscientia
1207 1886 1241 1936 et
1256 1895 1333 1936 con·

175 1960 382 2024 scientiarum
398 1959 524 2023 conscia
528 2004 652 2025 .........

177 2222 278 2287 CAP.
293 2224 316 2285 I
316 2222 346 2285 V
345 2224 547 2301 .-·Qualiter
557 2242 670 2302 corpus
680 2222 863 2285 Beatissimi
877 2223 977 2303 Rapis
987 2231 1017 2285 et
1036 2222 1194 2303 Martyris
1212 2222 1334 2287 Oswini

476 2313 582 2390 quinto
598 2310 669 2373 idtis
681 2308 801 2371 Martii
816 2312 969 2372 inventum
983 2312 1034 2373 sit.

226 2481 351 2544 Anno
344 2481 571 2545 incarnationis
603 2480 784 2544 Dominicae
815 2480 1041 2545 sescentesimo
1066 2479 1332 2579 quinquagesimo

178 2568 294 2653 primo,
311 2567 468 2653 gloriosus
484 2568 669 2651 Deyrornm
688 2566 763 2630 Rex
782 2566 941 2642 oswinus,
959 2566 1140 2650 proditione
1156 2567 1330 2645 mediante,

178 2653 288 2737 gladio
318 2654 505 2731 trucidatus,
534 2652 592 2717 sed
619 2652 803 2716 innocentia
824 2665 1030 2751 promerente
1054 2654 1096 2717 ad
1122 2652 1260 2719 caelestia
1283 2667 1332 2717 est

180 2741 362 2803 translatus.
411 2740 592 2839 Statimque
617 2740 658 2802 ab
682 2740 730 2803 his
751 2763 888 2827 quornm
904 2738 1011 2803 officio
1026 2739 1198 2803 discrimini
1213 2741 1329 2825 patuit,

179 2827 305 2890 delatus
325 2839 373 2891 est
388 2827 429 2890 ud
449 2827 564 2891 ostium
574 2826 690 2926 Tynae
705 2827 855 2905 fluminis,
875 2828 982 2891 locum
999 2826 1149 2891 videlicet
1163 2828 1206 2892 ab
1220 2827 1331 2891 incolis

177 2912 318 2997 regionis
341 2912 414 2977 ob
406 2913 597 2977 rmminentis
621 2912 707 2997 rupis
731 2915 935 2978 securitatem
951 2914 993 2978 ab
1012 2914 1158 2977 h'ostibus
1173 2913 1331 2978 celebrius

178 3002 428 3100 frequentatum,
446 3002 503 3065 sed
525 3003 568 3064 ob
584 3002 795 3065 reverentiam
812 3001 961 3103 gloriosae
979 3000 1105 3084 Virgini
1122 3000 1238 3065 Mariae
1253 3001 1331 3065 inibi

177 3087 357 3151 exhibitam
371 3088 511 3151 tenerius
527 3099 680 3165 amatum,
698 3087 807 3175 ibique
822 3082 965 3172 sepultus
977 3099 1027 3151 est
1042 3087 1073 3150 in
1089 3087 1234 3151 oratorio
1248 3089 1332 3173 ejus-

177 3173 294 3274 dem
265 3174 405 3257 virgime,
419 3174 506 3274 quod
519 3186 737 3238 constructum
750 3189 820 3238 erat
835 3176 877 3239 ad
891 3174 1075 3274 aquilonem
1089 3174 1239 3238 fluminis.
1288 3175 1331 3238 Et

178 3261 254 3347 quia
276 3262 363 3325 rudia
386 3262 475 3350 natio
498 3261 558 3324 illis
583 3261 793 3345 temporibus,
815 3275 849 3327 et
873 3261 965 3325 illis
958 3284 989 3324 ιιι
1011 3261 1090 3325 locis
1109 3284 1174 3325 non
1193 3260 1329 3327 multum

178 3346 420 3415 efficiebatur
393 3370 478 3413 cirea
469 3346 732 3448 sepulcbrarurn
744 3349 891 3449 gloriam,
908 3349 1120 3414 reverendum
1135 3369 1250 3434 corpus
1265 3372 1331 3413 sar·

179 3435 327 3519 cophago
349 3435 515 3519 lapideo
507 3435 702 3520 impositum,
725 3435 757 3498 in
784 3436 939 3500 abdito
916 3457 987 3499 smu
1011 3448 1106 3502 terrae
1128 3436 1330 3499 reconditum

180 3535 240 3584 est.
289 3522 473 3621 Habitaque
496 3534 545 3585 est
568 3521 599 3583 in
623 3544 748 3584 summo
762 3523 885 3587 honore
904 3523 1003 3607 Regis
1018 3522 1146 3585 illustris
1163 3524 1328 3599 memoria,

178 3607 266 3671 circa
279 3630 360 3693 quos
317 3608 507 3759 ἰ,ιιιῆιιιι
500 3606 533 3670 in
556 3629 651 3671 carne
668 3608 817 3686 viventis,
835 3625 869 3673 et
884 3610 1034 3674 diadema
1047 3609 1172 3696 regium
1188 3609 1330 3708 gerentis

179 3709 329 3759 reverent
330 3694 371 3759 iu.
447 3694 588 3759 amiliare
604 3695 722 3781 quippe
734 3696 870 3795 usuique
886 3709 946 3773 est,
964 3710 999 3759 ut
1014 3709 1140 3760 ametur
1154 3695 1327 3773 extinctus,

180 3804 235 3883 qur
226 3782 378 3846 amabat
366 3796 419 3845 tur
433 3804 545 3845 vivus
537 3828 545 3857 ,
570 3796 740 3847 veneretur
752 3807 784 3846 ιιι
800 3782 1003 3848 mortalitatis
1015 3783 1098 3847 stola
1113 3782 1328 3860 circundatus,

179 3868 236 3955 qui
265 3869 446 3933 reverentia
476 3870 653 3947 colebatur,
685 3892 778 3934 sacco
808 3884 927 3935 nostrae
952 3869 1165 3954 corruptionis
1189 3870 1329 3945 indutus.

182 3956 286 4020 Porro
301 3957 381 4021 fides
401 3956 497 4021 Cristi
519 3979 593 4042 quae
616 3956 649 4019 in
673 3956 857 4045 Deyrornm
872 3980 973 4045 regno
988 3956 1107 4034 floruit,
1129 3958 1248 4021 Sancto
1268 3957 1330 4021 Os-

181 4042 264 4105 wino
278 4055 446 4127 regnante,
464 4056 497 4107 et
512 4043 705 4127 praesulante
725 4046 845 4108 Sancto
860 4045 1007 4130 Aydano,
1024 4044 1116 4108 versa
1131 4044 1202 4108 vice
1216 4065 1330 4128 regum

182 4141 216 4193 et
241 4130 378 4213 praesule
405 4142 509 4195 tractu
535 4130 688 4213 temporis
712 4131 878 4195 emarcuit.
940 4131 1027 4195 Nam
1051 4131 1141 4215 genti
1165 4131 1330 4231 praedictae

180 4237 266 4279 nunc
281 4216 402 4295 fideles,
426 4240 511 4281 nnnc
528 4216 671 4282 infideles
695 4218 975 4318 ριὶιιοὶριιιιιιιιιιη
998 4231 1032 4282 et
1041 4219 1137 4302 juxta
1151 4217 1331 4303 principum

125 4342 131 4352 ·
183 4302 339 4381 instituta,
364 4303 452 4367 varia
474 4304 599 4369 divinus
623 4304 762 4368 cultus
754 4328 787 4369 ιιι
812 4307 1027 4390 subjectarum
1051 4305 1194 4389 plebium
1216 4304 1330 4368 studiis

181 4390 280 4455 sensit
298 4390 474 4477 dispendia.
522 4391 595 4456 Tali
614 4391 780 4457 occasione
796 4393 951 4457 memoria
970 4392 1078 4456 Sancti
1095 4392 1250 4476 MartJris
1270 4390 1331 4455 Os·

182 4477 255 4541 wini
278 4478 434 4555 obseleta‚
459 4491 493 4543 et
519 4478 647 4563 penitus
667 4479 785 4559 deleta,
807 4478 952 4544 funditus
971 4481 1012 4544 ab
1031 4478 1195 4543 hominnm
1216 4477 1332 4543 notitia
