3142 5159
306 420 354 495 86
744 448 836 497 vrrs
863 446 1000 499 oswuu

309 608 491 697 praesidium
507 609 662 699 confugit,
679 622 713 675 et
735 609 874 675 loculum
889 611 957 697 ejus
972 610 1118 677 devotius
1133 610 1330 689 deosculans,
1347 625 1386 677 et
1412 612 1457 677 ad

310 698 448 763 faucium
465 710 623 763 tumorem
638 698 866 784 constringens,
882 698 1048 763 instantius
1063 721 1122 784 pro
1136 699 1271 766 sanitate
1294 701 1351 764 sua
1375 724 1459 786 sup·

311 785 451 873 plicavit,
466 798 499 850 et
509 784 716 851 incontinenti
730 808 791 872 pro
801 804 879 851 voto
890 786 1041 873 optinuit.
1054 786 1158 853 Dolor
1168 787 1285 874 quippe
1299 788 1455 853 dentium

310 874 352 938 ad
367 874 510 939 osculum
525 873 619 940 loculi
642 874 749 940 statim
771 874 894 960 effugit,
911 888 945 940 et
965 874 1104 940 faucium
1118 889 1226 941 tumor
1239 876 1281 941 ad
1295 878 1367 964 ejus
1385 890 1457 941 tac-

312 974 381 1025 tum
395 962 534 1038 resedit3
557 961 772 1051 fratribusque
788 976 855 1027 tam
876 963 972 1028 citam
986 963 1193 1029 valitudinem
1209 963 1315 1029 vultfts
1328 964 1456 1051 hylari-

309 1062 376 1115 tate
399 1050 518 1136 pariter
540 1065 574 1115 et
595 1050 735 1117 faucium
756 1050 890 1136 exploso
912 1064 1037 1115 tumore
1060 1050 1209 1130 innotuit,
1226 1065 1259 1117 et
1282 1052 1315 1115 in
1337 1052 1456 1117 Sancti

309 1138 464 1227 Martyris
479 1139 607 1205 laudem
619 1154 653 1205 et
667 1160 809 1204 amorem
824 1138 1088 1207 ferventissimum
1101 1162 1212 1205 omues
1227 1140 1390 1206 accendit.

310 1406 409 1473 CAP.
431 1404 737 1482 XXIL-Quatuer
758 1406 803 1466 ad
820 1413 986 1469 contactum
1000 1403 1117 1487 lapidis
1132 1409 1188 1488 qui
1201 1406 1330 1469 Ιοωὶιιηι
1347 1410 1455 1469 sarwti

314 1506 317 1513 '
395 1493 894 1646 mzmqgmxtmqlwkwm
905 1497 998 1574 prior
1011 1495 1051 1557 ab
1066 1493 1244 1577 irytmuate
1257 1494 1369 1558 manda
1386 1515 1454 1557 mccc

356 1756 473 1823 Relatu
499 1755 633 1821 fratrum
659 1754 879 1839 religiosorum
908 1755 963 1841 qui
986 1754 1209 1833 interfuerunt,
1232 1754 1329 1821 didici
1359 1758 1452 1842 quod

309 1846 426 1911 refero.
474 1844 511 1910 ln
534 1840 727 1908 monasterio
747 1842 855 1907 Sancti
874 1842 993 1908 Oswini
1019 1842 1118 1928 Regis
1140 1859 1174 1908 et
1198 1842 1360 1929 Martyris,
1377 1855 1452 1907 erat

275 1986 279 1997 ,
309 1934 439 2022 quidam
471 1930 564 1997 Prior
591 1931 721 1996 nomine
752 1930 949 2008 Ruelendus,
972 1953 1101 1995 manum
1126 1931 1217 2016 cujus
1240 1930 1450 1996 intolerabilis

309 2032 521 2108 occupaverat
550 2020 726 2084 infirmitas.
793 2018 877 2091 Quae
908 2020 1072 2083 infirmitas
1109 2042 1167 2105 per
1201 2018 1271 2083 dies
1306 2019 1451 2108 singulos

310 2132 464 2186 crescens,
489 2130 616 2173 omnem
638 2104 749 2171 menits
771 2106 854 2170 illius
876 2130 968 2171 usum
982 2121 1175 2196 negaverat3
1198 2106 1367 2195 nervisque
1381 2119 1451 2170 stu-

311 2197 459 2285 pentibus
489 2208 523 2260 et
552 2194 756 2259 articulorum
786 2195 926 2259 officium
954 2195 1154 2283 negantibus,
1175 2194 1279 2267 virum
1301 2196 1320 2261 a
1342 2194 1451 2258 missae

310 2284 525 2350 celebratione
540 2282 594 2347 diu
610 2283 829 2367 suspenderat.
856 2283 1037 2348 Condolens
1052 2283 1159 2370 itaque
1173 2281 1232 2347 sibi
1247 2283 1335 2370 quod
1349 2283 1450 2347 devo-

311 2374 398 2438 tione
414 2371 507 2437 solita
528 2372 733 2435 frustraretur
754 2370 915 2471 languoris
938 2372 1113 2449 occasione,
1129 2370 1171 2435 ad
1193 2370 1320 2435 thecam
1339 2369 1450 2435 Sancti

312 2460 465 2549 Martyris
494 2460 644 2536 accessit3
672 2472 705 2524 et
734 2472 912 2524 orationem
937 2458 1104 2523 instantius
1132 2459 1278 2536 fundens,
1310 2458 1449 2545 lapidem

310 2551 475 2636 amplexus
498 2563 547 2613 est
568 2548 620 2614 cui
646 2548 740 2613 theca
760 2548 828 2633 ejus
853 2546 1053 2633 superposita
1073 2560 1164 2624 erat3
1187 2559 1221 2611 et
1235 2546 1388 2611 continuo
1404 2545 1450 2610 ita

312 2640 482 2703 subsecuta
496 2651 545 2703 est
560 2638 687 2714 sanitas,
699 2649 734 2700 ut
749 2659 812 2700 non
824 2635 909 2720 prius
925 2636 1010 2699 idem
1021 2658 1148 2701 manum
1158 2648 1333 2712 amoveret,
1345 2635 1449 2698 donec

312 2728 354 2792 ad
376 2727 505 2812 plenum
527 2748 585 2812 per
606 2724 721 2790 merita
741 2723 871 2809 gloriosi
892 2723 1044 2811 Martyris
1067 2722 1206 2809 pristinae
1227 2722 1449 2795 restitueretur

311 2814 449 2880 sanitati.

314 3080 412 3147 CAP.
430 3080 601 3144 XXIIL-
610 3082 661 3143 De
683 3081 765 3160 tynis
785 3079 956 3141 maiolis
976 3081 1163 3155 ectiuctrbne,
1186 3086 1215 3141 et
1230 3079 1267 3141 dc
1278 3077 1389 3159 fratre
1410 3078 1449 3140 ab

312 3178 316 3183 “
608 3170 709 3231 eodem
724 3167 1158 3247 irwendiopereumlaberoto.

359 3345 458 3431 Cujus
474 3341 531 3405 viri
547 3351 691 3426 tempore
710 3339 880 3417 Ruelendi,
897 3340 1030 3425 contigit
1053 3341 1183 3404 domum
1201 3339 1360 3427 quandam
1375 3338 1448 3427 igne

314 3431 462 3499 succendi
477 3444 508 3494 et
523 3430 556 3493 in
571 3428 708 3493 favillam
724 3427 837 3512 redigi,
854 3450 927 3515 quae
942 3427 1189 3492 domesticorum
1202 3429 1364 3514 hospitum
1379 3426 1448 3490 usui

313 3519 504 3596 deserviens,
529 3518 560 3581 in
584 3517 655 3582 loco
678 3515 841 3581 secretiori
863 3515 936 3594 sita,
951 3516 1085 3581 fratrum
1106 3515 1276 3581 refectorio
1302 3514 1448 3601 proxima

312 3622 392 3688 erat,
410 3622 441 3672 et
458 3606 644 3670 dormitorio
659 3604 819 3689 contigua.
868 3604 1031 3692 Erantque
1054 3603 1173 3689 pariter
1187 3617 1222 3669 et
1236 3604 1349 3668 domus
1366 3625 1448 3688 prae-

311 3698 389 3774 fata,
420 3708 453 3761 et
476 3692 709 3770 dormitorium,
737 3691 853 3777 stipulis
873 3709 1036 3779 cooperta.
1084 3692 1225 3778 Eratque
1248 3704 1361 3756 ventus
1384 3713 1447 3755 non

311 3784 454 3869 modicus
480 3781 594 3867 partim
622 3782 664 3845 ab
694 3779 861 3843 occidente
887 3779 1027 3859 veniens,
1059 3794 1093 3845 et
1122 3780 1234 3845 domus
1263 3780 1377 3844 ardens
1407 3778 1448 3843 ad

313 3886 454 3939 austrum
466 3870 579 3956 posita,
595 3869 736 3933 babebat
758 3868 800 3931 ad
814 3868 995 3954 aquilonem
1009 3867 1061 3932 vix
1077 3864 1202 3932 duobus
1217 3867 1357 3953 passibus
1372 3866 1392 3932 a
1413 3890 1447 3931 se

312 3962 430 4025 distans
453 3956 657 4023 refectorium
679 3969 713 4020 et
736 3968 840 4019 totum
863 3977 976 4040 corpus
1002 3955 1208 4032 monasterii3
1231 3955 1273 4020 ad
1295 3955 1447 4020 orientem

312 4072 389 4113 vero
404 4044 635 4123 dormitorium,
652 4044 704 4108 cui
727 4056 763 4107 ut
785 4043 981 4122 dictumest,
998 4057 1116 4109 eratet
1134 4044 1206 4107 loco
1228 4043 1391 4144 contigua,
1415 4056 1447 4107 et

311 4135 427 4221 stipulat
440 4134 518 4199 tecti
533 4133 700 4199 simillima.
747 4131 825 4196 Nox
848 4147 928 4210 erat,
945 4144 977 4197 et
999 4133 1112 4198 fratres
1129 4134 1198 4218 jam
1219 4145 1447 4197 matutinorum

313 4223 416 4289 officia
437 4222 660 4308 persolverant,
678 4235 711 4285 et
733 4220 888 4306 pausandi
909 4220 1012 4305 gratid
1025 4221 1067 4284 ad
1082 4232 1182 4284 strata
1195 4242 1253 4284 sua
1266 4218 1445 4295 redierant3

312 4335 457 4399 unusque
468 4312 600 4375 fratrum
616 4308 766 4375 secretius
779 4308 937 4395 ingressus
952 4308 1183 4386 dormitorium,
1194 4321 1228 4373 et
1242 4308 1331 4371 furno
1345 4308 1446 4392 reple-

313 4415 382 4464 tum
397 4398 565 4477 admirans,
582 4397 745 4484 prospexit
760 4419 817 4483 per
840 4396 1011 4461 fenestram
1024 4420 1033 4472 ;
1057 4398 1249 4485 domumque
1264 4395 1446 4480 contiguam

312 4512 476 4558 accensam
495 4512 565 4554 esse
589 4486 754 4573 comperit,
783 4484 994 4573 fratribusque
1019 4485 1204 4552 festinanter
1233 4498 1310 4549 nutu
1342 4486 1445 4570 potius
