3142 5159
276 452 348 523 lta
813 473 906 527 viru

276 648 375 724 atque
393 637 463 721 ejus
479 637 768 705 ammonicionibus
784 640 948 706 humiliter
959 662 996 706 ac
1008 642 1148 709 libenter
1162 641 1355 719 auscultans,
1373 662 1427 705 ec·

277 727 406 790 alesiam
436 726 556 791 Christi
581 726 614 790 in
640 750 742 815 regno
773 752 832 794 suo
857 729 993 795 multum
1016 730 1188 819 diligenter
1210 731 1361 795 edificare
1388 752 1426 794 ac

277 814 414 879 dilatare
431 815 563 883 curavit.
613 815 894 899 Construebantur
909 842 988 904 ergo
1004 820 1148 885 ecclesiae
1163 842 1220 905 per
1235 820 1307 884 loca
1316 843 1326 895 ;
1350 840 1426 883 con-

277 905 424 968 fluebant
439 904 481 969 ad
504 904 701 968 audiendum
717 907 854 971 verbum
876 909 990 995 populi
1004 908 1197 997 gaudentes3
1222 907 1426 972 donabantur

278 991 369 1079 regio
391 1014 525 1057 munere
548 993 765 1077 possessiones
782 1010 815 1060 et
837 995 1000 1061 territoria
1022 998 1064 1063 ad
1078 996 1277 1063 instituenda
1300 1018 1428 1060 monas·

279 1082 367 1148 teria.
416 1084 466 1145 Ac
481 1104 559 1145 vero
571 1080 739 1167 episcopus
757 1084 916 1163 AidanuS,
934 1086 1018 1150 inter
1033 1087 1096 1150 alia
1110 1086 1236 1152 vivendi
1252 1085 1429 1149 documen-

277 1182 320 1247 ta,
337 1170 583 1235 saluberrimum
594 1170 801 1237 abstinenciae
816 1173 868 1238 vel
883 1176 1097 1239 continenciae
1105 1173 1230 1240 clericis
1242 1173 1428 1259 exemplum

277 1257 425 1344 reliquit3
448 1259 540 1344 cujus
563 1258 743 1325 doctrinam
766 1261 801 1325 id
823 1262 965 1326 maxime
987 1264 1235 1329 commendabat
1256 1263 1345 1348 quod
1361 1284 1428 1325 non

278 1346 370 1411 aliter
385 1370 482 1434 quam
502 1346 628 1411 vivebat
657 1353 717 1431 [ito
749 1371 821 1413 curn
838 1352 901 1412 suis
929 1349 996 1434 ipse
1012 1351 1150 1414 docebat
1177 1355 1265 1435 [ito]
1316 1349 1428 1413 Nichil

279 1434 363 1499 enim
386 1436 481 1521 hujus
508 1436 619 1500 mundi
641 1460 786 1523 quaerere
810 1436 908 1501 nichil
935 1460 1042 1502 amare
1066 1437 1199 1502 solebat.
1244 1438 1284 1498 In
1300 1448 1428 1500 tantum

199 1550 200 1555 ¹
278 1538 384 1588 autem
395 1523 552 1589 vitaillius
565 1548 584 1588 a
599 1524 702 1589 nostri
713 1524 864 1610 temporis
881 1525 1018 1613 segnicie
1028 1526 1180 1603 distabat,
1190 1537 1358 1602 utomnes,
1371 1524 1426 1611 qui

278 1635 396 1677 cumeo
403 1612 602 1691 incedebant,
615 1613 681 1678 sive
693 1616 812 1679 attonsi
821 1616 887 1678 sive
896 1614 981 1693 laici,
991 1614 1137 1679 meditari
1147 1615 1314 1693 deberent,
1323 1613 1357 1677 id
1368 1626 1426 1690 est,

277 1716 333 1767 aut
355 1701 500 1785 legendis
519 1702 685 1787 scripturis
710 1717 765 1768 aut
775 1703 906 1788 psalmis
921 1702 1065 1768 dicendis
1081 1726 1212 1790 operam
1227 1703 1316 1767 dare.
1363 1701 1431 1765 Iste

278 1790 378 1879 igitur
393 1790 677 1855 reverendissimus
701 1791 883 1877 episcopua,
901 1793 986 1856 inter
1008 1806 1126 1857 caetera
1137 1789 1296 1858 doctrinae
1311 1804 1432 1855 sanctae

280 1893 312 1942 et
325 1902 457 1965 operum
474 1878 645 1943 illustrium
660 1880 799 1967 insignia
821 1883 991 1965 praecocia,
1007 1881 1109 1945 eciam
1125 1880 1296 1945 duodecim
1313 1902 1431 1964 pueros

279 1967 320 2031 de
332 1967 467 2031 nacione
484 1968 676 2052 Anglorum,
694 1967 727 2032 in
752 1968 882 2033 Christo
898 1970 1102 2048 erudiendos,
1118 1970 1222 2054 primo
1245 1968 1295 2036 sui
1306 1967 1430 2053 episco-

278 2070 372 2141 patus
399 2069 542 2141 tempore
572 2055 721 2141 suscepit.
771 2056 824 2121 Ex
851 2057 967 2145 quibus
996 2081 1078 2123 unus
1101 2059 1208 2123 extitit
1232 2059 1324 2133 Eam,
1347 2078 1431 2140 puer

279 2145 375 2209 bonae
401 2144 528 2223 indolis,
554 2158 668 2208 natura
695 2145 883 2225 docilis,ac
912 2144 1070 2212 mansueti
1085 2144 1183 2211 animi
1210 2144 1315 2210 valde.
1361 2144 1431 2221 Qui

280 2232 452 2298 eruditoris
464 2232 513 2297 sui
529 2234 646 2297 sanctis
663 2229 841 2299 monitistet
863 2235 1018 2319 exemplis
1030 2235 1159 2300 sedulus
1175 2234 1315 2310 auditor,
1338 2255 1433 2298 men-

280 2334 378 2409 teque
394 2334 481 2387 totus
496 2320 670 2402 inhaerens,
686 2322 777 2388 brevi
792 2325 880 2388 omni
902 2345 1028 2387 morum
1045 2323 1214 2387 honestate
1236 2322 1433 2405 conspicuus

280 2410 407 2476 enituit.
455 2410 579 2498 Itaque,
604 2411 660 2475 ubi
674 2412 875 2498 perfectioris
891 2411 994 2478 aetatis
1017 2424 1118 2476 metas
1130 2408 1248 2499 attigit,
1273 2420 1428 2495 acceptus

281 2500 356 2566 Deo
372 2512 405 2565 et
418 2499 613 2579 hominibus,
626 2501 802 2565 monachus
822 2502 936 2581 factus,
952 2500 1101 2567 monachi
1116 2512 1211 2565 nocte
1224 2510 1257 2563 et
1272 2496 1324 2563 die
1347 2497 1430 2583 vigi-

278 2590 357 2655 lavit
381 2588 529 2654 inactus.
574 2593 654 2656 Erat
676 2614 816 2678 namque
831 2594 880 2655 vir
903 2588 1076 2677 pacienciae
1091 2589 1209 2653 virtute
1235 2586 1431 2673 praecipuus,

280 2678 425 2744 castitate
437 2679 587 2755 mundus,
604 2678 740 2745 affabilis
757 2693 790 2744 et
806 2680 970 2765 jocundus
986 2678 1145 2757 omnibus,
1162 2689 1204 2756 et,
1221 2690 1259 2741 ut
1279 2699 1433 2741 reveren·

281 2767 422 2832 tissimus
440 2766 531 2833 Beda
545 2769 702 2852 presbiter
717 2768 758 2832 de
774 2791 815 2831 eo
831 2782 979 2847 testatur,
995 2791 1064 2852 prae
1076 2765 1224 2832 omnibus
1247 2763 1433 2830 hominibus

280 2855 533 2921 mansuetudinis
557 2869 590 2922 et
604 2856 813 2943 simplicitatis
824 2858 930 2946 gratia
944 2858 1126 2924 decoratus.
1174 2856 1349 2920 Crescente
1373 2852 1436 2920 ita-

281 2969 344 3034 que
360 2969 399 3009 eo
410 2945 510 3031 magis
527 2968 564 3010 ac
579 2948 680 3035 magis
690 2946 725 3009 in
740 2948 837 3010 sacris
850 2947 1043 3024 virtutibus;
1051 2946 1154 3011 crevit
1168 2957 1201 3008 et
1215 2944 1249 3007 in
1264 2966 1303 3008 eo
1326 2944 1437 3029 gratia

282 3032 431 3112 scelestis,
447 3034 512 3099 suis
526 3034 617 3098 illurn
633 3034 827 3099 sullimando
839 3035 1074 3100 karismatibus.
1121 3032 1201 3098 Post
1212 3054 1278 3097 non
1292 3032 1438 3097 multum

283 3125 370 3189 enim
386 3122 552 3209 temporis,
570 3126 680 3189 Abbas
697 3122 903 3211 dignissimus
918 3123 1050 3188 effectus
1072 3121 1216 3187 ecclesiae
1233 3120 1439 3187 Mailrocen-

284 3214 336 3289 sis,
349 3211 451 3275 multo
466 3211 595 3296 majoris
607 3211 796 3276 humilitatis
811 3235 850 3275 ac
872 3211 1012 3277 caritatis
1028 3210 1188 3295 exempla,
1205 3231 1302 3294 quam
1324 3223 1441 3290 antea,

283 3298 434 3363 fratribus
457 3298 617 3384 praestitit.
664 3298 762 3363 Unde
784 3321 859 3362 eum
875 3321 984 3363 omnes
1007 3296 1158 3361 monachi
1175 3295 1441 3383 fragrantissimo

284 3409 394 3452 amore
409 3386 591 3474 diligentes,
609 3409 675 3449 non
687 3384 777 3473 quasi
792 3385 948 3449 minacem
963 3384 1151 3470 magistrum
1166 3383 1370 3464 metuebant,
1380 3387 1439 3454 sed

284 3488 321 3541 ut
336 3475 425 3563 pium
439 3488 566 3563 patrem
582 3474 753 3541 affectuose
768 3474 1075 3559 complectebantur.
1121 3471 1200 3537 Non
1208 3472 1315 3538 solum
1325 3490 1438 3543 autem

285 3565 450 3631 monachis
477 3580 510 3631 et
533 3566 654 3631 clericis
677 3563 794 3631 rnerito
816 3563 994 3629 sanctitatis
1009 3577 1042 3629 et
1063 3562 1211 3647 exemplo
1234 3562 1341 3629 tocius
1364 3566 1439 3631 reli-

285 3654 389 3743 gionis
405 3654 605 3733 venerabilia,
626 3654 731 3719 sedet
750 3654 935 3739 potentibus
947 3665 981 3718 et
994 3650 1144 3718 divitibus
1169 3650 1263 3737 hujus
1279 3654 1383 3719 seculi
1402 3654 1438 3719 in

285 3756 411 3808 tantum
428 3743 625 3808 honorabilis
642 3744 758 3821 extitit,
774 3755 812 3807 ut
834 3740 894 3826 ipsi
908 3742 1011 3807 eciam
1022 3764 1112 3829 reges
1127 3741 1227 3819 illum,
1241 3753 1278 3805 ut
1291 3755 1436 3826 patrem,

286 3832 439 3910 colerent,
457 3834 544 3897 etad
559 3831 775 3896 construenda
793 3831 985 3895 monasteria
1000 3844 1101 3896 terras
1123 3844 1156 3895 et
1170 3828 1389 3915 possessiones
1405 3836 1437 3900 ei

286 3920 410 3984 liberali
420 3921 525 3985 animo
535 3921 737 4008 largirentur.
783 3920 830 3984 At
845 3918 899 3984 ille
913 3920 1067 4005 gaudens,
1084 3941 1143 4003 pro
1155 3918 1335 3986 devocione
1343 3925 1437 4009 prin-

289 4009 394 4095 cipum
411 4032 487 4097 erga
500 4009 563 4074 Dei
579 4009 711 4086 cultum,
728 4007 877 4073 ecclesias
893 4020 926 4073 et
947 4009 1141 4073 monasteria
1155 4006 1300 4091 diligenti
1322 4012 1435 4077 studio

287 4100 366 4164 locis
382 4097 570 4184 opportunis
591 4097 789 4161 instituebat.
834 4096 1020 4183 Discipulos
1035 4118 1163 4184 quoque
1178 4094 1280 4161 bonos
1296 4112 1434 4163 sanctae·

289 4211 353 4276 que
382 4187 631 4252 conversationis
656 4185 769 4250 studiis
799 4208 932 4272 operam
963 4186 1073 4251 dantes
1094 4187 1128 4248 in
1156 4186 1232 4273 ipsis
1254 4208 1434 4275 aggregare

291 4275 438 4353 studuit;
475 4277 559 4341 inter
581 4298 672 4363 quoe,
696 4286 730 4339 et
751 4298 821 4361 prae
843 4274 961 4362 quibus
984 4273 1138 4361 speciales
1160 4286 1194 4340 et
1214 4273 1432 4376 insignissimi,

291 4380 383 4431 erant
397 4365 534 4432 Boisilus
551 4377 583 4430 et
597 4363 809 4442 Cuthbertus3
833 4364 929 4429 ambo
951 4364 1012 4427 viri
1025 4362 1116 4429 mirae
1131 4364 1306 4431 sanctitatis
1328 4364 1433 4431 nitore

290 4454 443 4535 lucentes,
460 4456 556 4522 ambo
570 4453 685 4542 spiritu
699 4452 890 4541 prophetico
902 4451 1074 4543 magnifice
1087 4452 1255 4542 pollentes.
1274 4452 1433 4542 Equibus
