3142 5159
395 1421 681 1500 LlBELLUS
713 1422 788 1499 DE
821 1422 990 1517 ORTU,
1017 1454 1103 1507 nro.

349 1896 468 1979 Incipit
488 1896 644 1975 Proesatio
670 1898 708 1959 de
731 1904 800 1961 ortu
823 1897 930 1963 Sancti
961 1898 1126 1964 cathena

175 2100 259 2165 Cum
284 2120 344 2183 per
368 2120 468 2162 annos
493 2098 650 2184 plurimos
675 2118 803 2162 mecum
819 2098 976 2163 secrecius
992 2099 1166 2177 volverem,
1183 2098 1262 2186 quid
1282 2099 1325 2165 ad

173 2188 333 2252 honorem
348 2187 522 2251 venerandi
537 2187 637 2274 patris
652 2186 825 2251 Cuthberti
841 2188 906 2252 stili
921 2190 1075 2253 memoria
1089 2199 1324 2273 perpetuarem,

173 2299 212 2342 eo
237 2274 349 2362 spiritu
372 2276 603 2341 vehementiori
627 2274 761 2340 efferbui
777 2300 842 2364 quo
858 2276 966 2365 aliqua
981 2276 1086 2343 altiori
1102 2277 1202 2365 digna
1217 2277 1323 2342 relatu

173 2366 316 2429 adiscere
341 2364 519 2451 concupivi.
580 2364 739 2449 Perplura
767 2367 885 2429 etenim
908 2368 1072 2444 miracula,
1098 2380 1234 2451 propter
1256 2370 1323 2454 ejus

172 2453 288 2518 merita
310 2453 476 2538 praeclara,
496 2452 560 2517 Dei
582 2452 728 2539 potentia
748 2452 780 2515 in
807 2454 993 2540 regionibus
1009 2454 1143 2518 diversis
1159 2455 1321 2533 effecerat,

172 2565 245 2630 quae
261 2564 359 2606 nemo
373 2542 527 2606 hactenns
542 2542 668 2627 seriptis
682 2554 824 2619 exarata,
838 2542 1003 2607 memoriae
1016 2541 1218 2628 sequentium
1236 2565 1324 2606 com-

172 2630 335 2708 mendata,
361 2631 544 2716 reliquerat.
606 2629 689 2703 Quae
714 2629 901 2716 diligentius
924 2631 1129 2717 investigans,
1146 2644 1190 2707 et,
1207 2629 1247 2693 ab
1264 2632 1322 2709 eis,

172 2719 227 2806 qui
250 2743 289 2784 ea
312 2719 459 2782 viderant
483 2734 516 2782 et
538 2720 724 2794 intererant,
742 2718 912 2782 sollicicins
928 2743 967 2783 ea
981 2719 1167 2806 explorans,
1184 2741 1323 2805 quaeque

171 2808 272 2891 digna
294 2808 399 2871 cordis
423 2808 595 2870 armariolo
618 2805 859 2882 recondebam3
886 2821 919 2871 et
942 2809 977 2870 in
1002 2808 1156 2891 opuscula
1171 2806 1321 2893 quaedam

170 2897 317 2961 intexere
342 2896 573 2981 proponebam.
623 2894 675 2958 De
699 2896 816 2979 quibus
832 2911 1006 2982 uteunque,
1023 2895 1134 2959 libello
1159 2894 1320 2975 confecto,

172 2987 284 3049 amicis
307 2984 444 3048 ostendi.
493 2984 582 3047 Inter
604 2982 674 3045 haec
697 2983 781 3045 forte
806 2985 1034 3067 opusculorum
1052 2983 1157 3047 studia
1173 2984 1323 3070 quaedam

171 3071 437 3159 quaterniuncula
452 3072 484 3133 in
501 3071 647 3134 manibus
659 3070 782 3143 incidit,
800 3094 873 3157 quae
888 3070 1090 3135 nativitatem
1109 3070 1322 3135 BeatiCuth-

171 3162 254 3225 berti
280 3161 313 3222 in
338 3160 521 3246 Hyberniae
537 3158 689 3245 partibuS,
711 3160 803 3246 regio
820 3159 913 3223 simul
936 3172 968 3223 et
982 3182 1142 3247 generoso
1158 3159 1322 3245 quondam

172 3249 291 3313 semine
318 3268 542 3333 propagatam,
565 3248 714 3331 exposuit
724 3271 732 3323 ;
757 3259 791 3310 et
811 3247 948 3333 qualiter
962 3248 1004 3311 ad
1021 3248 1150 3332 Angliae
1166 3249 1248 3311 fines
1264 3271 1322 3333 ap·

170 3338 320 3423 plicuerit
349 3337 381 3398 in
409 3337 674 3423 subsequentibus
702 3336 777 3399 satis
808 3337 972 3400 evidenter
1000 3337 1153 3400 ostendit.
1199 3337 1322 3400 Beatus

171 3427 291 3490 interea
318 3437 408 3510 pater
433 3424 642 3501 Cuthbertus,
660 3424 744 3488 votis
769 3423 921 3489 desiderii
943 3426 1044 3488 nostri
1059 3422 1267 3509 propiciatus,
1286 3436 1322 3487 ut

171 3513 318 3592 arbitror,
346 3513 418 3599 pius
445 3512 570 3589 illuxit3
603 3512 678 3597 quia
701 3534 800 3575 sacrae
825 3512 986 3597 opinionis
1011 3526 1044 3576 et
1068 3512 1321 3575 conversationis

172 3603 275 3667 virum
303 3602 486 3688 Eugenium
514 3600 845 3664 Harundinonensem
871 3600 1069 3685 Episcopum
1094 3599 1134 3663 de
1153 3598 1321 3681 Hybernia

173 3703 283 3754 uatum
306 3690 400 3753 nobis
424 3688 608 3763 transmisit,
626 3688 746 3773 quiea,
764 3710 837 3775 quae
853 3688 941 3774 prius
957 3688 997 3751 de
1013 3700 1087 3752 ortu
1106 3687 1201 3750 Beati
1217 3684 1321 3749 Cuth-

172 3780 258 3842 berti
284 3800 541 3863 perceperamus,
568 3776 773 3841 testificando
795 3776 978 3853 roboravit3
1003 3793 1035 3841 et
1061 3798 1126 3839 nou
1141 3773 1230 3838 nulla
1246 3773 1319 3854 alia,

172 3867 213 3931 de
229 3866 343 3953 quibus
359 3878 453 3930 antea
466 3864 563 3928 nichil
578 3864 735 3943 novimuS,
752 3866 846 3929 nobis
857 3865 1016 3952 praeclara
1029 3863 1191 3929 relacione
1206 3863 1322 3928 detex-

172 3955 207 4018 it.
256 3955 337 4018 Nam
365 3954 526 4019 verissime
549 3953 694 4018 illumin
711 3952 885 4041 Hybernia
899 3968 1011 4018 natum
1027 3953 1068 4017 de
1084 3951 1204 4016 semine
1219 3951 1320 4040 regali

171 4042 306 4106 asseruit
319 4066 328 4118 3
344 4055 378 4106 et
391 4043 455 4107 loci
470 4056 502 4106 et
517 4042 605 4107 urbis
621 4041 761 4117 nomina,
778 4043 811 4105 in
827 4043 943 4129 quibus
953 4057 1047 4107 natus
1058 4041 1129 4118 fuit,
1142 4039 1321 4106 evidentius

170 4150 266 4219 quam
290 4131 394 4217 quivis
417 4130 552 4195 aliorum
576 4131 669 4194 nobis
692 4134 854 4214 exposuit.
900 4131 991 4194 Inter
1006 4131 1068 4194 alia
1084 4152 1172 4207 vero,
1190 4151 1263 4215 quae
1279 4127 1321 4191 de

173 4218 356 4283 Cuthberto
378 4232 489 4283 nostro
505 4242 626 4283 saeroa
640 4217 796 4303 primaevo
810 4242 914 4303 puero
929 4219 1103 4304 peroravit,
1122 4214 1320 4282 Muriadach

171 4330 280 4395 regem
296 4320 421 4391 patrem
444 4306 527 4371 illius
543 4308 646 4383 dixit3
670 4306 725 4393 qui
740 4330 798 4371 sua
812 4309 846 4371 in
862 4307 975 4371 diebus
992 4307 1053 4373 illis
1067 4304 1230 4391 probitate
1245 4325 1319 4387 reg-

170 4417 247 4459 num
278 4396 377 4459 totius
402 4394 581 4481 Hyberniae
605 4418 671 4459 suae
699 4394 818 4460 dicioni
842 4419 902 4481 per
932 4410 1094 4482 sceptrum
1123 4390 1321 4457 monarchiae

170 4482 406 4571 subjugaverat,
424 4500 456 4548 et
482 4482 523 4548 de
546 4485 636 4569 cujus
660 4482 779 4549 viribus
806 4484 873 4550 sive
887 4484 1037 4572 potentia
1050 4483 1143 4569 plura
1157 4482 1191 4546 in
1207 4497 1335 4547 eorum'
