3142 5159
544 508 653 556 nnors
680 486 897 556 nnrnonuu.
1250 484 1299 551 43

158 762 261 829 CAP.
280 762 315 824 X
315 760 597 839 XX.-Quanoc0
606 716 732 843 quidam
743 780 821 836 cnm,
838 780 876 822 err
885 758 1052 839 officiosibi
1063 756 1206 838 iajrmcto,
1217 724 1307 817 doces·

248 851 330 931 Ejus
340 868 448 929 capere
458 851 581 925 deberet,
592 852 725 913 caritate
735 868 895 930 percussas
906 848 965 909 luc
976 848 1104 927 diraque
1112 844 1303 907 armandus

248 942 383 1001 intereos
397 938 578 1006 discurrens.
595 940 681 1001 boras
694 956 767 1019 qnos
781 938 888 1017 cripte,
903 936 1005 997 videre
1019 952 1079 996 non
1089 934 1200 1013 potnit.

208 1110 392 1176 Potentium
419 1111 459 1174 de
481 1108 774 1197 Nordthanymbria
799 1106 1038 1195 potentissimus
1069 1104 1236 1172 Odinellus
1259 1103 1302 1167 de

163 1198 399 1277 Umlramvilla,
424 1199 465 1263 ad
492 1199 613 1263 castelli
635 1200 683 1263 sui
706 1196 907 1263 resarcienda
928 1211 1015 1260 sarta
1039 1207 1127 1259 tecta
1151 1191 1301 1257 indebitis

157 1287 381 1351 exactionibus
396 1286 516 1351 vicinos
532 1309 604 1353 suos
620 1285 853 1373 compellebat3
869 1297 902 1348 at
917 1284 1000 1348 inter
1014 1296 1148 1347 caeteros
1163 1279 1303 1345 maxima

158 1376 299 1439 colonos·
313 1374 420 1439 Sancti
439 1374 536 1460 Regis
552 1388 586 1439 et
603 1374 755 1461 Martyris
775 1373 907 1439 Oswini.
952 1373 991 1437 In
1004 1370 1171 1436 ecclesiam
1182 1368 1302 1456 quippe

158 1462 237 1541 Dei,
251 1462 326 1551 quia
339 1484 507 1549 personam
521 1462 604 1548 gerit
619 1463 758 1549 pupillus,
775 1485 812 1526 ac
827 1461 854 1525 si
868 1472 952 1524 esset
963 1460 1029 1525 siue
1042 1471 1162 1535 tutore,
1175 1457 1303 1521 videtur

158 1551 345 1638 potentibus
371 1552 468 1615 seculi
489 1551 585 1617 licere
608 1551 760 1638 quiequid
782 1549 864 1614 solet
886 1549 996 1614 libere.
1047 1549 1174 1612 Ausum
1194 1558 1303 1609 autem

161 1638 245 1703 tanti
267 1640 392 1704 sceleris
413 1638 545 1703 fovebat
568 1638 763 1724 impunitas3
790 1638 864 1701 hinc
890 1636 965 1723 quia
987 1633 1155 1701 Odinellus
1177 1656 1304 1719 praepo

161 1739 233 1790 tens
253 1739 332 1805 erat,
353 1727 427 1791 inde
446 1729 521 1813 quia
539 1728 637 1791 filiam
656 1726 724 1811 ejus
739 1724 942 1789 matrimonio
956 1723 1015 1787 sibi
1029 1722 1233 1809 copulaverat
1248 1718 1303 1807 qui

162 1813 368 1899 magistratus
392 1813 498 1899 regios
524 1814 555 1877 in
581 1814 699 1899 anglia
720 1814 865 1899 gerebat,
893 1816 982 1899 cujus
1008 1809 1199 1875 anctoritate
1226 1809 1304 1873 talia

163 1903 389 1987 praesumebat.
441 1902 506 1976 Qui
529 1903 677 1967 timorem
699 1904 767 1988 ejus
790 1900 957 1978 timebant,
982 1900 1024 1963 ad
1045 1920 1126 1984 opus
1148 1897 1304 1961 indictum

162 1990 416 2066 conveniebant3
432 1989 489 2053 sed
504 1990 608 2055 coloni
627 1991 736 2055 Sancti
753 1988 917 2076 Martyris,
934 1988 1009 2075 quia
1019 1986 1107 2075 regia
1117 1987 1305 2050 munificen-
1382 2009 1394 2016 ··

163 2077 371 2142 tractatibus
387 2077 498 2143 edictis
514 2078 604 2142 liberi
621 2091 721 2155 erant,
738 2077 849 2143 venire
860 2076 1042 2141 nullatenus
1052 2073 1303 2139 consentiebant.

166 2165 356 2251 Indignatur
383 2165 568 2231 insolentius
600 2167 778 2231 Odinellus.
827 2164 871 2229 Et
895 2164 996 2228 missis
1022 2162 1117 2247 regiis
1144 2160 1303 2225 nonnullis

161 2254 325 2333 ministris,
346 2264 382 2318 ut
404 2254 513 2318 venire
529 2256 770 2340 compellantur,
788 2254 847 2317 snb
860 2252 1120 2317 interminatione
1135 2249 1304 2336 praecepit.

166 2342 270 2407 Porro
285 2342 359 2431 quia
373 2342 406 2405 in
425 2344 576 2407 Sanctum
594 2344 772 2430 Martyrem
787 2341 967 2406 redundare
983 2339 1135 2416 creditur,
1152 2337 1304 2425 quicquid

163 2430 288 2516 injuriae
310 2430 407 2495 servis
430 2431 493 2495 suis
515 2433 686 2519 irrogatur,
710 2430 765 2518 qui
781 2429 866 2493 missi
882 2430 986 2514 primo
999 2428 1136 2504 fuerant,
1154 2427 1303 2491 deferunt

168 2520 307 2594 Sancto;
330 2531 373 2596 et,
400 2518 557 2603 suspensis
581 2516 712 2603 injuriis,
738 2517 946 2582 amicabiliter
969 2515 1074 2579 divitis
1097 2514 1240 2579 edictum
1257 2514 1303 2584 eis

164 2617 342 2691 exponunt,
367 2619 400 2669 et
423 2605 463 2670 de
485 2605 576 2669 minis
600 2605 808 2669 interminatis
830 2605 974 2669 modeste
996 2625 1098 2689 pauca
1119 2603 1306 2686 sujungnnt.

171 2695 236 2759 Sed
259 2714 318 2757 nec
341 2693 385 2756 sic
408 2692 552 2757 homines
580 2694 689 2757 Sancti
713 2692 758 2757 ire
782 2693 1002 2779 adquiescunt.
1050 2690 1129 2753 Erat
1148 2703 1257 2754 autem
1271 2688 1305 2750 in

171 2780 354 2866 Cotebrigis
375 2780 504 2846 civitate
526 2782 651 2845 satelles
674 2783 792 2866 regius,
813 2780 867 2867 qui
883 2802 941 2844 nec
959 2780 1066 2844 Deum
1082 2779 1227 2855 timebat,
1243 2799 1304 2841 nec

171 2872 323 2935 Sanctum
342 2868 506 2935 Oswinum
521 2870 738 2947 reverebatur,
756 2868 807 2933 cui
822 2883 1007 2956 suggestum
1023 2880 1072 2931 est
1087 2868 1129 2930 ab
1141 2865 1305 2941 Odinello,

165 2958 303 3049 qualiter
324 2956 462 3059 dignitas
489 2958 597 3022 Sancti
616 2957 735 3023 Oswini
751 2957 945 3021 redundaret
967 2954 999 3018 in
1018 2967 1240 3038 contemptum
1258 2952 1307 3016 sui

168 3047 320 3124 mandati,
338 3047 485 3110 drcente:
512 3056 534 3087 “
552 3046 672 3112 Omnes
688 3045 782 3109 vicini
798 3044 873 3122 mei,
891 3046 941 3109 vel
956 3066 1064 3107 amore
1079 3042 1184 3119 tracti,
1200 3042 1254 3105 vel
1267 3041 1307 3104 ti·-

167 3158 255 3200 more
268 3134 380 3213 coacti,
394 3135 525 3199 veniunt
536 3134 578 3199 ad
594 3133 712 3199 castelli
728 3134 792 3196 mei
807 3132 1098 3209 reaedificationem,
1114 3144 1234 3215 praeter
1248 3128 1306 3192 ho-

168 3224 266 3288 mines
276 3223 503 3287 monachorum
512 3223 553 3287 de
565 3221 865 3310 Tynemndtba,qui
877 3220 1003 3284 latitant
1012 3219 1063 3283 hic
1075 3220 1134 3283 sub
1146 3218 1288 3282 alismcis
1295 3240 1306 3293 ;

169 3310 281 3399 quibus
307 3312 350 3400 [si
360 3311 392 3393 ?]
416 3311 555 3397 injecero
575 3333 696 3388 manus,
713 3332 776 3373 non
793 3322 852 3387 est,
870 3309 924 3396 qui
939 3308 1064 3393 eripiat.
1113 3308 1161 3371 Ea
1175 3319 1307 3391 propter

171 3400 282 3484 adjuro
304 3413 349 3477 te,
373 3420 429 3484 per
451 3399 549 3463 fidem
572 3422 668 3485 quam
685 3398 752 3482 regi
769 3398 876 3474 debes,
893 3396 1041 3483 quatinus
1056 3395 1196 3459 violenti
1210 3414 1305 3457 manu

171 3486 382 3571 possessiones
394 3486 583 3550 rusticorum
595 3487 635 3550 de
646 3486 761 3550 Wilum
776 3485 916 3563 invadas,
930 3486 1009 3549 etin
1025 3484 1188 3548 castellnm
1199 3504 1307 3546 meum

172 3572 332 3638 inducas.'’
351 3572 416 3646 Qui
431 3573 537 3637 statim
553 3574 719 3658 assumptis
736 3596 844 3637 secum
862 3572 1001 3637 Ricardo
1016 3584 1050 3635 et
1064 3570 1234 3647 Nicholao,
1251 3569 1306 3655 qni

171 3660 284 3747 stipsi
307 3659 441 3724 ministri
463 3673 555 3725 erant
578 3661 671 3746 regis,
696 3662 753 3724 sed
776 3661 926 3739 timorati,
951 3660 983 3723 in
1001 3659 1113 3746 spiritu
1127 3658 1244 3722 luroris
1258 3656 1307 3721 sui

174 3750 260 3814 venit
279 3748 406 3826 Wilum,
421 3748 534 3813 villam
553 3748 660 3813 Sancti
680 3748 801 3814 Oswini
815 3749 901 3813 haud
916 3748 1011 3833 longe
1026 3747 1198 3811 distantem
1212 3746 1232 3811 a
1245 3745 1309 3810 situ

173 3837 304 3903 castelli.
346 3836 419 3901 Vim
432 3850 539 3902 autem
551 3837 629 3926 legis
641 3836 765 3922 optinet
777 3839 810 3901 in
821 3837 938 3921 Anglit
948 3836 1148 3901 consuetudo
1162 3836 1310 3919 longaeva

173 3924 366 4011 hujusmodi,
387 3938 424 3989 ut
440 3924 520 4013 siqui
548 3928 580 3989 in
598 3926 753 4011 solvendo
768 3927 820 3990 vel
835 3926 866 3989 iu
883 3925 1046 4011 operando
1060 3923 1148 4011 quod
1163 3923 1208 3988 eis
1221 3924 1310 4011 juste

176 4013 357 4099 impositum
379 4012 474 4079 fuerit
497 4015 700 4093 cessaverint,
722 4014 826 4100 primo
838 4036 896 4098 per
912 4012 1077 4078 mobilium
1091 4034 1223 4076 suorum
1236 4033 1311 4096 cap·

174 4101 292 4165 tionem
315 4114 471 4189 cogantur
493 4103 534 4167 ad
553 4103 773 4190 exequendum
790 4101 994 4186 impositum3
1010 4100 1163 4178 secundo,
1179 4122 1237 4186 per
1251 4099 1310 4162 im·

175 4188 360 4264 mobilium;
384 4189 490 4268 tertio,
515 4214 572 4276 per
594 4212 763 4276 corporum
783 4212 912 4253 suorum
927 4188 1220 4254 incarcerationem.
1265 4188 1310 4251 Et

176 4276 396 4341 nichilominus
419 4278 617 4342 consuetudo
638 4301 704 4344 non
727 4277 882 4343 inferioris
904 4277 1031 4363 vigoris,
1056 4289 1092 4341 ut
1114 4276 1141 4339 si
1163 4274 1309 4340 dominus

176 4365 345 4430 cessaverit
364 4367 404 4430 ab
420 4365 578 4451 imposito,
596 4366 681 4452 prius
697 4366 740 4431 ad
755 4365 869 4430 servile
883 4366 1052 4451 peculium,
1077 4382 1172 4451 qnam
1187 4364 1229 4427 ad
1243 4363 1311 4427 dic-

175 4467 240 4518 tam
270 4454 503 4539 possessionem
534 4455 755 4531 invadendam,
788 4468 921 4519 exactor
949 4468 1103 4518 recurrat.
1164 4451 1314 4518 Minister

175 4555 279 4608 autem
289 4542 352 4622 ille,
365 4542 405 4606 de
416 4542 504 4627 cnjus
516 4543 682 4629 tyrannide
699 4542 865 4608 Odinellus
877 4542 1100 4627 praesumebat,
1112 4560 1177 4607 non
1187 4540 1311 4631 legibus
