3142 5159
244 475 292 550 72
392 473 397 482 '
618 470 808 527 amamus
834 469 887 521 oa
913 465 1016 519 oraru

241 655 341 721 kebm
359 672 454 716 suum
476 645 709 731 redintegraret
739 634 960 703 vehementius
984 632 1154 697 obsecrare
1168 653 1236 695 non
1260 632 1391 702 destitit.

246 744 432 809 Admiratus
443 749 552 803 autem
567 732 657 796 saber
673 728 738 804 ille,
755 724 844 812 quod
856 733 921 787 tani
932 733 1058 785 matura
1068 719 1243 805 prudentia
1254 723 1393 805 petierit,

243 834 298 919 qui
313 831 419 895 adhuc
434 825 519 889 infra
533 842 633 886 annos
648 815 796 903 pueritiae
811 811 947 887 exstitit,
964 812 1032 895 ejus
1047 809 1197 893 precibus
1212 810 1394 873 cedendum

244 919 403 991 credidit3
427 910 570 999 eoquod
595 905 741 992 spiritum
766 899 830 965 Dei
847 922 904 983 per
920 920 956 960 os
982 897 1067 960 illius
1090 896 1276 983 loquentem
1299 898 1396 961 intel-

243 1008 334 1075 lexit.
383 1003 482 1069 Unde
499 1012 531 1064 et
557 1017 658 1081 puero
674 991 757 1055 dixit
781 988 883 1052 “Pro
899 986 973 1049 Deo
989 984 1127 1047 libenter
1150 997 1215 1047 tuae
1236 984 1396 1050 voluntati

243 1109 374 1181 paratus
396 1092 510 1166 existo,
542 1084 597 1149 sed
613 1098 714 1146 artem
732 1078 803 1141 aeris
819 1074 972 1140 fusoriam
992 1073 1123 1157 penitus
1139 1073 1284 1155 ign0r0.’'
1332 1074 1396 1137 Cui

245 1206 337 1270 puer,
363 1190 387 1224 “
402 1176 541 1243 Confido
553 1175 585 1237 in
596 1172 685 1245 Deo,
697 1168 729 1229 in
743 1186 839 1251 quem
850 1162 958 1238 credo,
973 1160 1061 1247 quod
1072 1160 1166 1244 hujus
1184 1159 1262 1224 artis
1275 1162 1396 1246 pericia

244 1294 309 1336 non
325 1264 517 1355 privaberis,
535 1264 561 1326 si
574 1275 681 1324 tamen
697 1276 758 1339 pro
774 1252 843 1336 ejus
859 1272 970 1314 amore
993 1246 1189 1311 desiderium
1205 1270 1312 1312 meum
1338 1250 1396 1313 ad.

243 1359 379 1444 implere
394 1350 562 1419 volueris.'’
609 1341 807 1409 Tuncfaber
822 1338 884 1414 ille,
911 1347 931 1378 ‘⁶
945 1336 1011 1413 Qui
1025 1334 1120 1399 caelos
1131 1334 1222 1399 novit
1235 1334 1395 1401 fabricare

244 1449 312 1532 ipse
339 1444 418 1507 mihi
433 1441 527 1525 hujus
538 1434 614 1499 artis
630 1429 779 1516 peritiam
794 1429 869 1490 satis
881 1426 1002 1510 poterit
1017 1423 1216 1499 condonare,
1234 1424 1292 1488 sed
1307 1447 1394 1502 ecce,

244 1535 319 1599 licet
343 1531 422 1595 mihi
446 1531 487 1592 sit
505 1525 663 1596 voluntas,
689 1528 886 1579 nontamen
910 1512 1053 1597 suppetit
1079 1510 1224 1588 facultas,
1249 1535 1290 1575 eo
1306 1512 1397 1599 quod

244 1621 371 1707 longius
394 1642 413 1683 a
439 1611 624 1680 nemoribus
640 1627 760 1681 sumus,
777 1616 812 1667 et
834 1600 948 1665 fabrile
963 1622 1045 1684 opus
1061 1599 1182 1686 absque
1200 1601 1396 1664 carbonibus

244 1708 406 1796 quercinis
444 1703 570 1769 efficere
600 1696 691 1761 nullo
729 1692 828 1756 modo
858 1688 1031 1753 valemus.'’
1093 1687 1124 1749 'l'
1126 1710 1189 1752 unc
1227 1688 1393 1772 puerulus,

247 1808 269 1838 ‘⁶
282 1798 372 1861 Deus
387 1794 482 1858 nobis
494 1786 608 1864 aderit,
626 1796 658 1848 et
669 1778 864 1865 adjutorium
881 1775 1126 1841 administrabit.
1175 1773 1261 1839 Nam
1276 1775 1309 1838 in
1326 1776 1397 1860 ejus

244 1885 376 1950 nornine
388 1883 453 1958 ibo,
471 1891 503 1943 et
519 1877 602 1961 ignis
618 1870 772 1958 pabulum
788 1868 880 1931 nobis
896 1863 1054 1929 sufficiens
1069 1863 1236 1947 portabo.”
1268 1866 1397 1949 Accep-

244 1988 343 2060 toque
358 1968 506 2035 messoris
521 1962 684 2037 fasciculo,
698 1958 779 2022 exiit
791 1956 825 2017 in
842 1953 935 2030 arvis,
948 1963 981 2015 et
994 1974 1111 2037 cyrpos
1123 1950 1299 2016 viridantes
1311 1974 1398 2016 mes.

245 2062 319 2139 suit,
337 2082 417 2147 quos
430 2055 570 2121 referens
587 2050 681 2115 fabro
704 2045 749 2109 sic
765 2042 883 2109 intulit.
932 2039 1073 2103 “Credo
1096 2040 1130 2102 in
1149 2038 1281 2104 Christo
1307 2040 1397 2126 quod

245 2151 412 2212 materiam
442 2144 485 2208 ad
508 2160 609 2205 artem
639 2133 792 2201 fusoriam
815 2130 890 2195 satis
912 2128 1071 2213 ydoneam
1101 2127 1224 2191 attuli.”
1270 2127 1397 2192 Videns

246 2235 343 2323 igitur
353 2230 550 2297 faberfidem
560 2224 663 2312 pueri,
674 2243 752 2285 rnox
763 2241 878 2305 cyrpos
888 2215 1060 2280 viridantes
1076 2214 1224 2300 arripuit,
1232 2217 1264 2279 in
1275 2227 1398 2280 struem

245 2321 436 2408 composuit,
452 2319 624 2402 ignemque
636 2308 833 2391 subrogavit.
859 2303 1011 2368 Mirabile
1022 2303 1151 2390 quidem
1163 2304 1244 2382 visu,
1261 2317 1294 2367 et
1308 2304 1399 2390 quod

246 2411 371 2475 dulcius
383 2421 431 2474 est
456 2404 579 2480 auditu,
598 2414 701 2466 totum
725 2418 784 2481 pro
800 2393 894 2481 pueri
911 2390 1030 2455 meritis
1056 2391 1258 2455 declarandis
1276 2391 1399 2456 Christi

245 2501 346 2563 virtus
358 2511 391 2562 et
407 2489 712 2562 clementiaeffulsit.
764 2482 850 2547 Nam
865 2481 965 2557 saber,
990 2477 1121 2545 fornace
1133 2480 1320 2564 composita,
1331 2503 1398 2543 aere

242 2591 311 2679 jam
326 2588 479 2673 liquente,
494 2576 744 2646 tintinnabulum
759 2573 862 2647 i'udit3
880 2585 913 2633 et
923 2569 1021 2652 juxta
1035 2581 1111 2631 vota
1125 2568 1293 2654 utriusque
1304 2568 1399 2654 quale

247 2670 475 2742 desiderabant
501 2672 534 2733 in
564 2667 706 2733 medium
732 2660 881 2747 protulit,
905 2674 937 2720 et
956 2656 1082 2740 signum
1109 2656 1271 2743 integrum
1293 2679 1399 2741 puero

248 2764 461 2847 consignavit.

708 3062 828 3146 [cnr.
845 3061 947 3144 xri]

296 3306 354 3370 Est
366 3302 476 3367 civitas
484 3294 687 3381 permaxima
697 3290 729 3352 in
738 3287 1001 3373 Hyberniaquae
1015 3280 1400 3369 linguaHybernensium

253 3396 407 3460 Kenanus
428 3387 557 3461 dicitur,
575 3380 715 3465 regionis
738 3399 815 3440 vero
833 3374 917 3437 illius
940 3372 1107 3457 provincia
1122 3368 1229 3433 media
1252 3380 1398 3445 vocatur,

158 3491 161 3495 ’
250 3506 322 3571 quae
335 3476 489 3545 ditissima
505 3473 579 3537 feris
596 3484 627 3533 et
650 3465 795 3554 frugibus
815 3461 965 3548 paschuis
989 3473 1021 3523 et
1036 3458 1224 3521 nemoribus
1240 3457 1350 3520 rivulis
1367 3472 1400 3522 et

249 3568 437 3637 fluminibus
475 3562 604 3645 copiose
642 3556 841 3627 illustratur3
877 3550 1039 3613 civitatem
1069 3559 1102 3609 et
1140 3546 1400 3630 prenominatam

252 3661 354 3725 Marta
367 3654 483 3720 fluvius
507 3648 609 3721 alluit,
626 3645 681 3731 qui
704 3642 847 3727 piscibus
868 3635 1050 3700 multimodi
1065 3634 1192 3717 generis
1207 3632 1401 3697 habundan-

251 3749 372 3812 tissima
388 3738 570 3806 redundare
593 3731 767 3797 consuevit.
814 3728 852 3790 In
870 3727 931 3789 hac
948 3726 1037 3799 urbe,
1055 3739 1121 3785 tam
1134 3720 1289 3785 deliciosa
1301 3744 1397 3807 quam

251 3833 413 3919 opulenta,
438 3846 518 3912 puer
544 3824 602 3886 iste
619 3841 707 3885 sacer
730 3830 823 3880 natus
847 3813 1011 3887 asseritur,
1029 3811 1084 3873 ubi
1108 3810 1205 3872 etiam
1228 3809 1269 3871 ab
1285 3807 1400 3872 incolis

250 3924 340 3986 locus
357 3918 440 3981 illius
456 3909 629 3977 nativitatis
646 3904 838 3979 ostenditur,
856 3915 887 3966 et
902 3897 1193 3963 sanctimonialium
1214 3897 1399 3961 coenobium

251 4034 293 4074 ex
309 4006 449 4091 antiquis
463 4000 569 4066 adhuc
584 3996 685 4061 ruinis
701 3991 840 4057 amultis
856 3985 1080 4076 cognoscitur3
1109 3986 1197 4071 quod
1210 3984 1301 4069 pueri
1321 3986 1401 4047 boni

250 4094 377 4184 pietatis
401 4089 621 4155 recordatione
638 4108 657 4147 a
679 4077 996 4165 comprovintialibus
1012 4076 1044 4137 in
1060 4074 1194 4136 honoris
1217 4071 1321 4155 gloria
1336 4072 1401 4135 fre-

250 4184 399 4273 quentius
419 4176 589 4243 excolitur.
638 4171 724 4236 Haec
759 4168 940 4254 Episcopus
966 4163 1132 4247 Eugenius
1162 4160 1400 4224 Hardionensis

251 4298 285 4340 se
300 4271 416 4336 vidisse
431 4265 586 4348 etlegisse
598 4262 632 4323 iu
648 4258 797 4343 hystoriis
816 4253 1078 4343 Hybernensium
1094 4248 1246 4323 asseruit3
1271 4248 1303 4311 in
1329 4246 1401 4334 qui·

250 4363 310 4427 bus
326 4356 468 4446 partibus
484 4350 551 4438 ipse
567 4362 662 4413 natus
677 4361 711 4411 et
727 4370 746 4409 a
761 4346 917 4430 primaeva
932 4353 1027 4404 aetate
1042 4360 1144 4425 usque
1159 4338 1193 4400 in
1207 4338 1311 4401 virum
1326 4358 1400 4420 per-

250 4450 369 4515 fectum
394 4442 550 4511 educatus
580 4434 696 4503 extitit.
749 4433 786 4497 ln
808 4431 897 4518 cujus
916 4427 1132 4515 Episcopatus
1155 4423 1232 4508 sede
1262 4424 1400 4498 Sanetus
