3142 5159
567 426 706 479 saucr1
732 426 969 481 curnaaarr.
1295 408 1345 497 67

193 589 335 656 libidinis
366 592 487 677 [labinia
513 589 546 652 in
574 590 668 674 Ma]
697 589 860 655 incentiva
882 593 1049 677 pervertit.
1105 594 1233 681 Sisque,
1265 596 1344 660 dum

195 701 285 745 caeco
307 679 426 743 amoris
442 678 536 743 oculo
552 678 586 742 in
610 678 696 742 illius
713 678 909 745 desiderium
924 682 1060 767 amplius
1076 681 1244 761 animatur,
1263 684 1346 747 mul-

195 767 331 846 tociens,
360 767 449 854 quod
471 767 530 830 sub
554 779 677 832 secreto
699 781 832 852 pectore
856 769 1053 834 occultatum
1075 768 1190 850 tenuit,
1214 771 1344 837 alterius

196 855 293 940 signis
316 867 349 920 et
372 855 504 920 nutibus
518 855 712 941 publicatur.
759 854 901 919 Nutibus
917 879 993 921 vero
1008 871 1042 923 et
1057 857 1197 922 motibus
1209 858 1345 937 lascivis,

196 955 354 1031 quantum
371 942 497 1008 occulte
513 943 630 1027 potuit,
648 965 714 1005 suae
730 956 817 1006 estus
833 943 991 1028 cupidinis
1007 946 1081 1009 satis
1095 946 1213 1030 puellae
1228 948 1346 1032 saepius

197 1030 365 1098 intimavit.
423 1032 467 1095 Et
497 1031 714 1115 postmodum,
744 1030 822 1094 dum
846 1044 973 1118 tempus
1000 1033 1172 1119 aliquando
1203 1034 1348 1120 optinere

197 1119 316 1206 potuit,
341 1118 429 1205 quod
455 1118 543 1203 prius
567 1119 663 1203 signis
678 1118 921 1203 praedicaverat,
937 1121 1100 1206 promissis
1115 1123 1300 1186 muneribus
1317 1134 1348 1186 et

199 1206 321 1273 ornatis
345 1206 547 1271 sermonibus
570 1208 686 1291 saepius
709 1206 915 1291 explanabat.
961 1208 1023 1273 Illa
1044 1231 1121 1273 vero
1136 1207 1236 1273 levius
1252 1210 1349 1274 inter-

200 1296 256 1361 fici
286 1294 393 1381 potuit
423 1316 519 1381 quam
544 1296 585 1359 ad
610 1294 748 1360 libidinis
773 1295 945 1360 molliciem
970 1296 1168 1384 aliquatenus
1193 1296 1348 1366 inclinari.

202 1384 313 1461 Unde,
330 1392 487 1470 quantum
498 1382 613 1468 potuit,
632 1383 683 1447 vel
699 1381 729 1446 ei
744 1382 845 1461 licuit,
863 1384 904 1448 ab
920 1384 987 1469 ejus
1003 1408 1037 1449 se
1054 1386 1230 1470 praesencia
1245 1409 1352 1471 segre-

201 1472 309 1558 gavit3
333 1494 370 1536 ac
393 1492 519 1556 semper
542 1496 561 1535 a
583 1470 722 1557 suspecti
739 1473 825 1560 regis
840 1472 908 1550 viis,
926 1472 1084 1557 gressibus
1100 1485 1157 1537 aut
1172 1471 1302 1553 semitis,
1319 1498 1353 1539 se

203 1558 424 1626 subtrahendo
440 1560 614 1645 suspendit.
652 1561 735 1624 Cum
751 1584 832 1645 ergo
847 1562 959 1649 virago
974 1576 1085 1627 tenera
1100 1562 1200 1648 magis
1215 1574 1354 1628 mortem

202 1648 348 1737 eligeret,
365 1670 462 1735 quam
473 1660 540 1712 tam
557 1649 636 1713 dirae
652 1647 730 1711 sorti
746 1648 860 1733 subjici
875 1650 1081 1729 decrevisset,
1096 1673 1180 1714 mors
1196 1673 1261 1715 non
1272 1674 1355 1737 prae-

202 1737 353 1803 ordinata
388 1759 453 1800 non
478 1735 605 1815 accidit,
632 1737 687 1800 sed
709 1760 777 1802 sors
801 1738 1033 1824 antedisposita
1062 1762 1128 1803 suae
1144 1738 1355 1805 institucionis

201 1827 356 1893 terminos
371 1825 574 1891 conficiendo
588 1824 724 1912 peregit.

684 2142 801 2221 [OAP.
827 2142 881 2225 V.]

252 2366 356 2452 Igitur
385 2365 473 2452 apud
501 2365 737 2452 Hybernenses
769 2378 847 2431 tune
877 2368 932 2433 lex
963 2368 1205 2435 consuetudinis
1235 2370 1355 2452 extitit,

207 2456 307 2543 quod,
325 2454 419 2519 certis
435 2453 553 2519 aestivis
577 2456 788 2540 temporibus
813 2478 895 2540 grex
917 2458 1094 2542 puellarum
1110 2458 1251 2523 serviens
1267 2460 1359 2524 silva-

207 2567 280 2608 rum
297 2543 396 2609 saltus
412 2542 500 2607 adire
515 2543 674 2631 gregatim
690 2544 824 2620 debuit;
840 2544 947 2631 ibique
963 2545 1127 2610 frondium
1141 2547 1234 2609 flores
1247 2571 1359 2613 excer-

206 2644 300 2719 peret
335 2644 368 2696 et
397 2632 655 2717 competentibus
685 2646 818 2697 onerata
848 2632 1011 2698 sarcinulis
1044 2635 1181 2720 Reginae
1212 2636 1358 2702 thalamis

207 2720 399 2785 coronandis
425 2720 578 2785 inferret:
603 2744 746 2808 opusque
771 2721 835 2785 tale
863 2722 1025 2787 servitutis
1056 2724 1157 2787 omnis
1180 2726 1358 2808 puellarum

208 2808 330 2874 familia
358 2808 495 2897 Reginae
510 2810 694 2895 persolvere
722 2810 845 2878 debuit.
905 2812 962 2875 Sin
987 2826 1097 2876 autem
1124 2814 1240 2877 florum
1265 2817 1359 2900 copia

209 2897 342 2983 reperiri
366 2910 442 2961 tunc
465 2898 620 2983 temporis
641 2922 706 2963 non
724 2898 887 2986 quivisset,
905 2899 1020 2964 debilis
1033 2895 1271 2986 'familiajuncti
1285 2903 1361 2967 viri·

210 2986 328 3063 dantis,
353 2985 404 3050 vel
438 2984 548 3050 herbae
573 2986 714 3065 virentiS,
743 3010 798 3050 seu
824 2986 925 3050 eciam
951 2990 1077 3052 flosculi
1109 2987 1248 3073 cujusvis
1275 2991 1358 3056 bene

210 3074 338 3151 olentis,
356 3097 457 3138 onera
471 3074 523 3139 vel
537 3074 705 3138 fasciculos
721 3086 944 3160 congregaret.
982 3076 1077 3154 Cum,
1095 3076 1204 3165 igitur,
1218 3080 1359 3165 quodam

210 3176 367 3249 tempore,
393 3176 545 3227 consueta
565 3164 697 3251 Reginae
712 3163 829 3228 festiva
844 3164 1065 3250 sollempnitas
1082 3165 1259 3244 accidisset,
1276 3167 1359 3233 hanc

211 3274 286 3316 cum
301 3251 465 3316 sodalibus
481 3251 522 3315 ad
533 3252 710 3337 praescripti
726 3252 830 3339 operis
846 3252 998 3317 exercitia
1011 3253 1139 3319 direxit.
1182 3254 1275 3334 Quae,
1293 3256 1362 3320 aliis

210 3338 412 3405 festinantius
438 3361 511 3403 cum
538 3339 700 3404 sarcinulis
727 3341 995 3427 regredientibus,
1020 3342 1089 3408 sola
1108 3342 1360 3430 derelinquitur3

213 3452 252 3493 eo
280 3427 368 3515 quod
393 3450 524 3492 manum
551 3427 584 3492 in
611 3428 727 3493 falcem
751 3432 880 3494 mittere
907 3430 1012 3494 minus
1038 3431 1135 3495 docta
1158 3432 1361 3517 probaretur.

215 3518 312 3596 Quae,
338 3531 457 3594 tamen,
482 3540 525 3581 ex
546 3516 707 3580 laborioso
723 3541 783 3582 usu
799 3518 1038 3583 consuetudinis
1053 3541 1118 3582 non
1135 3519 1258 3596 didicit,
1275 3542 1362 3583 com-

214 3605 352 3691 positam
378 3606 572 3692 quandoque
599 3603 739 3669 humeris
764 3605 954 3670 sarcinulam
982 3608 1139 3691 exposuit,
1168 3608 1277 3693 sicque
1305 3630 1363 3692 per

214 3692 340 3758 viarum
362 3693 448 3757 invia
459 3692 576 3758 comite
593 3693 748 3758 destituta
763 3695 936 3763 oberravit.
985 3695 1203 3783 Contigitque,
1221 3708 1258 3759 ut
1267 3700 1366 3785 juxta

215 3782 301 3867 ripas
317 3782 385 3846 sola
400 3780 459 3846 soli
477 3780 562 3867 Regi
578 3798 773 3862 occurreret,
792 3806 865 3848 cum
881 3807 955 3851 aves
971 3784 1127 3871 aquatiles
1151 3784 1256 3849 avium
1273 3800 1366 3851 natu-

216 3870 275 3935 rali
296 3870 450 3934 violentia
472 3869 635 3959 sagacium
658 3886 796 3938 arceret.
843 3872 908 3937 Sed
931 3871 1094 3938 humiliter
1117 3873 1290 3939 allocutam
1305 3896 1365 3939 nec

216 3955 380 4023 blanditiis
403 3960 535 4023 flectere
559 3983 620 4025 nec
642 3983 811 4025 munerum
826 3961 1089 4044 promissionibus
1105 3962 1209 4047 potuit
1224 3976 1366 4029 mentem

218 4049 390 4132 captivare.
440 4048 539 4113 Unde
561 4050 709 4112 consulta
732 4050 863 4114 tandem
878 4049 1075 4114 conscientia
1088 4050 1217 4116 forciori
1232 4053 1367 4117 dextera

218 4136 365 4222 corrupit
376 4140 446 4223 [qu.
463 4136 628 4237 corripuit]
647 4137 815 4225 virginem,
830 4158 862 4203 et
874 4137 1101 4203 secrecioribus
1111 4139 1196 4203 silvis
1206 4141 1366 4218 eductam,

220 4224 339 4288 viribus
354 4237 457 4305 utens,
475 4238 642 4313 oppressit.
674 4226 744 4291 Ista
758 4250 834 4291 sane
850 4227 1015 4314 oppressio
1031 4228 1247 4316 conceptionis
1266 4227 1369 4293 Cuth-

218 4312 306 4378 berti
328 4313 507 4379 celebracio
529 4315 634 4379 fuerat
644 4338 654 4391 ;
678 4337 772 4401 quem
788 4315 965 4401 gloriosum
988 4317 1190 4383 audientibus
1205 4316 1291 4382 fama
1306 4314 1370 4381 vir-

220 4412 329 4469 tutum
344 4401 503 4469 celebrior
518 4404 731 4472 commendat.
