3142 5159
673 542 674 545 Ν
700 466 804 524 uma
830 463 968 520 sanem

341 1004 457 1098 [CAP.
474 1004 545 1075 XX
547 1002 781 1082 VIM—Quod
794 1002 963 1068 Hereberto
974 1003 1187 1085 impetraverit
1195 1009 1230 1065 ot
1239 1016 1340 1064 secum
1430 990 1434 995 ’

640 1094 848 1175 miyroretod
860 1094 1041 1195 Dominum.
1411 1104 1414 1110 '
1476 1100 1479 1105 '

400 1399 477 1477 Quo
489 1418 569 1481 rogo
585 1408 701 1461 conatu
714 1396 852 1461 referam
867 1400 990 1483 majora
1005 1395 1138 1460 relatu?

404 1489 509 1563 Quam
526 1506 615 1549 sacer
631 1483 750 1569 insigni
764 1484 881 1549 sanctis
897 1507 988 1549 amor
1002 1496 1119 1549 aestnet
1133 1482 1210 1567 igni,

400 1577 517 1662 Deque
532 1573 660 1638 duobus
672 1574 758 1637 idem
775 1596 833 1638 cor
847 1574 970 1638 adunet
985 1571 1115 1657 spiritus
1132 1569 1242 1636 idem?

401 1665 540 1729 Pectore
555 1673 720 1726 consertus
736 1662 796 1726 tibi
812 1664 996 1749 sejungens
1014 1660 1229 1737 Herebertus,

399 1752 450 1816 Te
465 1752 610 1837 sequitur
624 1748 689 1814 vita
705 1749 914 1835 resplendens
930 1748 1133 1814 anachorita:

401 1840 486 1905 Nam
502 1851 533 1902 tc
550 1838 711 1902 viventem
726 1837 935 1927 sequiturque
947 1839 1087 1924 colitque
1099 1837 1269 1901 docentem
1285 1859 1295 1913 3

401 1929 455 1993 Sic
471 1939 527 1992 tua
542 1927 630 1990 dicta
645 1926 732 2005 colit,
750 1941 787 1991 ut
802 1927 843 1991 ab
860 1926 910 1990 his
927 1925 1092 1990 discedere
1107 1922 1197 1990 nolit.

404 2016 482 2081 Estu
499 2037 572 2079 cum
586 2036 704 2096 magno
720 2013 817 2079 semel
834 2014 876 2079 ad
892 2027 924 2078 te
940 2013 1074 2078 venitin
1091 2036 1188 2093 anno,

406 2105 523 2191 Sicque
540 2117 597 2167 tuo
612 2104 682 2167 fatu
697 2103 822 2187 crescit,
847 2125 907 2167 ceu
923 2103 1009 2167 taeda
1024 2116 1153 2179 rotatu3

401 2194 482 2277 Spes
498 2203 736 2279 augmentatur,
761 2213 837 2254 caro
852 2192 962 2270 servit,
987 2213 1077 2256 nrens
1093 2190 1275 2260 dominatur
1284 2219 1293 2273 3

402 2280 547 2345 Omnino
562 2280 696 2365 spernit,
721 2278 809 2365 quod
826 2278 948 2343 mundo
963 2279 1060 2343 labile
1077 2278 1179 2344 cernit
1189 2303 1199 2357 3

402 2366 525 2433 Tendit
539 2367 580 2431 ad
593 2385 723 2445 aeterna,
747 2379 928 2456 praegustat
950 2368 1090 2432 amando
1104 2390 1256 2456 superna,

400 2458 489 2522 Dum
506 2456 690 2522 conferretis
712 2468 846 2520 aeternae
861 2456 961 2521 verba
975 2454 1101 2543 quietis

400 2545 559 2621 Tandem,
587 2544 775 2623 Cuthberte,
800 2546 888 2609 socio
903 2545 991 2609 canis
1007 2544 1088 2624 haec,
1108 2554 1132 2586 “
1147 2544 1341 2626 Hereberte,

403 2633 482 2698 Hoc
505 2633 603 2698 modo
626 2646 802 2711 momento,
827 2632 984 2718 quodvis
1007 2633 1156 2699 conferre
1179 2650 1352 2715 memento,

402 2721 447 2785 Et
462 2720 681 2807 percuncteris
703 2744 723 2785 a
738 2722 893 2808 me'quod
908 2744 1041 2786 noscere
1065 2724 1199 2810 qnaeris,

404 2808 494 2873 Hinc
517 2809 695 2897 digressuri
710 2832 831 2888 sumus,
854 2810 941 2875 ultra
962 2833 1030 2875 non
1045 2812 1200 2888 redituri3

400 2897 473 2962 Jam
489 2897 702 2977 discedemus,
719 2899 774 2963 sed
787 2911 861 2982 post
876 2919 945 2962 non
967 2922 1026 2964 nos
1041 2915 1244 2986 repetemus3

401 2986 478 3050 Non
494 2986 556 3052 erit
571 2986 705 3051 ulterius
722 2997 869 3071 aspectus
892 2989 1035 3072 corporis
1050 2986 1158 3074 hujus,

401 3074 517 3139 Judioe
540 3097 614 3141 narn
639 3074 782 3153 Christo,
807 3074 872 3140 cito
888 3098 1026 3162 corpore
1042 3076 1150 3142 solvar
1164 3078 1206 3142 ab
1222 3079 1309 3155 ist03

405 3163 543 3228 Carnem
559 3164 733 3251 deponam,
747 3164 887 3251 vitaeque
902 3164 1018 3229 subibo
1033 3167 1219 3234 coronam.''

403 3250 533 3315 Auditis
545 3253 622 3330 istis,
639 3252 802 3316 Herebert
816 3253 854 3317 fit
869 3266 999 3337 pectora
1016 3255 1134 3330 tristis3

401 3340 531 3404 'Stratus
555 3338 644 3404 humi
656 3338 773 3425 plorat,
799 3341 882 3405 votis
898 3356 932 3406 et
947 3343 1081 3407 vocibus
1097 3358 1186 3421 orat3

402 3437 426 3469 ‘⁶
442 3429 573 3507 Quaeso,
591 3427 637 3493 tui
653 3428 730 3503 cari,
756 3431 949 3509 venerande,
966 3431 1044 3496 velis
1061 3435 1255 3498 memorari:

401 3517 466 3582 Fac
481 3519 601 3603 pietate
618 3517 681 3581 Dei
697 3516 757 3580 sim
773 3540 905 3603 compos
921 3520 990 3604 ipse
1006 3520 1146 3606 trophaei
1159 3545 1168 3597 ;

406 3606 572 3672 Scandens
588 3606 652 3671 alta
667 3606 735 3691 poli
751 3627 802 3671 rne
818 3608 910 3672 terris
926 3606 1072 3695 linquere
1087 3609 1174 3683 noli;

403 3696 529 3760 Tecum
545 3696 587 3759 de
603 3694 726 3759 mundo
742 3696 953 3782 commigrem
969 3698 1033 3761 fine
1050 3698 1205 3775 secundo,

404 3783 448 3847 Et
463 3784 521 3849 tibi
537 3784 715 3871 conjungar
730 3805 804 3846 cum
821 3785 895 3847 vitae
906 3808 1043 3851 munere
1054 3787 1201 3871 fungar.”

404 3870 527 3935 Praesul
543 3872 688 3949 sullimis,
705 3884 871 3956 permotus
887 3873 992 3936 cordis
1007 3874 1048 3938 ab
1064 3874 1146 3954 imis,

404 3958 493 4022 Huic
509 3960 564 4024 tali
581 3972 659 4023 voto
675 3959 840 4023 concurris
856 3973 986 4045 pectore
1002 3976 1083 4029 toto.

403 4045 529 4111 Exores
548 4048 724 4124 Christum,
741 4070 808 4134 quo
821 4059 928 4113 tecum
944 4051 1037 4116 tollat
1053 4065 1087 4117 et
1101 4053 1210 4129 istum,

406 4134 633 4224 Obsequioque
648 4135 718 4222 pari
735 4135 849 4219 jubeat
871 4159 968 4223 super
982 4155 1068 4206 astra
1081 4141 1193 4206 levari.

397 4222 467 4288 Nec
484 4246 583 4302 mora,
601 4224 727 4290 sensisti
743 4223 802 4289 tibi
818 4227 935 4291 cedere
948 4250 1084 4295 munera
1100 4227 1241 4304 Christi3

404 4310 538 4378 Sensisti
554 4311 629 4378 dico
644 4312 818 4399 spiramine
834 4313 949 4381 doetus
972 4316 1096 4382 amicos
1179 4326 1183 4332 ’

404 4410 426 4441 “
443 4399 590 4481 Frater,'’
606 4401 662 4480 ais,
683 4411 705 4445 ‘⁶
718 4423 826 4490 surge,
845 4425 904 4470 nec
919 4404 1020 4471 corda
1035 4404 1203 4474 doloribus
1220 4426 1310 4497 urge,¹
