3142 5159
233 945 351 1028 [CAP-
366 940 634 1025 XXXILJ-De
643 966 744 1029 puero
758 947 887 1011 semime
897 969 960 1031 per
973 972 1042 1017 eum
1055 966 1175 1021 gamm,

4 1026 8 1311 v
266 1159 372 1225 Millia
385 1159 519 1223 funestis
530 1159 600 1243 jam
615 1160 760 1224 cladibus
775 1159 887 1225 invida
898 1166 998 1247 pestis

265 1246 478 1333 Depopulans
494 1247 618 1325 stravit,
636 1247 759 1311 cultore
771 1246 877 1312 solum
889 1251 1050 1335 spoliavit.

265 1335 318 1400 Tu
333 1334 586 1411 commissorum,
604 1357 685 1419 spes,
703 1356 790 1412 cura,
807 1333 951 1403 levamen
966 1362 1092 1419 eorum,

264 1422 458 1487 Muneribus
473 1422 580 1509 largis,
600 1423 792 1500 Cuthberte,
806 1424 948 1490 salubria
963 1429 1107 1514 spargis3

263 1510 405 1596 Parsque
420 1522 486 1573 tuae
502 1532 588 1573 curae
604 1525 707 1574 mater
729 1509 833 1595 prolis
852 1514 1018 1579 moriturae

265 1596 379 1662 Fatum
395 1618 468 1683 quae
483 1597 582 1663 flebat
596 1598 676 1662 flens
693 1610 725 1661 te
741 1598 860 1680 pietate
875 1602 1046 1666 movebat:

262 1684 347 1749 Nam
370 1684 576 1760 benedixisti,
592 1685 689 1750 simul
703 1684 816 1749 oscula
830 1702 942 1751 sancta
956 1688 1076 1754 dedisti

262 1771 423 1837 Semineci
437 1795 551 1859 parvo,
561 1774 630 1857 jam
641 1776 710 1859 jam
724 1774 800 1837 vitre
814 1776 997 1859 reparando

265 1860 317 1925 Sic
333 1861 418 1926 fatus
434 1862 538 1938 matri,
555 1883 597 1925 ne
613 1874 729 1927 moesta
744 1861 821 1925 velis
836 1860 1017 1939 lacrimari3

261 1946 354 2012 “Nil
369 1959 493 2013 metuas
511 1950 612 2027 triste,
625 1972 700 2013 nam
716 1950 803 2013 vivet
814 1949 966 2033 parvulus
981 1953 1052 2029 iste,

258 2036 410 2124 “Deque
425 2038 486 2101 tuis
509 2058 606 2100 nemo
621 2036 771 2123 fungetur
787 2037 854 2101 sole
869 2059 1032 2123 supremo,

254 2132 281 2181 .“
292 2123 368 2188 Hac
384 2125 437 2188 lue
452 2124 651 2202 morborum,
668 2148 732 2212 qua
745 2124 852 2189 nullus
866 2124 970 2193 obibit
985 2148 1097 2192 eorum
1106 2128 1135 2193 :''

259 2211 345 2275 Haec
360 2224 397 2276 ut
411 2212 625 2277 dicunturres
641 2212 755 2277 ordine
771 2211 859 2278 dicta
873 2227 1067 2302 sequuntur3

261 2298 369 2363 Infans
384 2312 524 2377 sanatur,
541 2311 644 2384 mater
657 2300 999 2388 gaudendonovatur.

258 2385 323 2465 Tu,
340 2386 393 2472 pie
409 2398 531 2465 sancte,
547 2388 641 2464 bone,
664 2388 795 2472 praesul,
811 2399 904 2472 pater
919 2403 1015 2487 atque
1030 2400 1180 2473 patrone,

262 2473 328 2547 Qui
343 2487 392 2538 tot
404 2475 531 2552 sanasti,
547 2476 603 2560 qui
619 2487 668 2537 tot
679 2496 806 2558 pressos
822 2475 981 2552 relevasti,

262 2560 311 2623 sis
327 2560 426 2624 miehi
440 2575 616 2646 protector,
633 2562 732 2624 michi
749 2562 790 2625 sis
806 2560 908 2624 alabe
924 2560 1083 2637 refect0r3

262 2647 313 2713 sis
328 2644 428 2711 michi
442 2648 552 2725 tutela,
573 2648 771 2734 Christoque
780 2646 917 2731 jdbente
931 2647 1069 2725 medela,

259 2736 410 2800 Pressum
426 2737 566 2821 peccatis
582 2758 645 2821 ope
657 2749 801 2800 sustenta
816 2735 956 2819 pietatis.

258 2824 377 2889 Sancte
388 2835 491 2907 pater,
507 2845 568 2907 pro
580 2846 632 2887 me
647 2834 703 2887 tna
718 2833 830 2887 sancta
844 2824 1028 2909 precamina
1042 2844 1174 2909 prome3

257 2910 376 2975 Prome
391 2928 512 2996 preces,
530 2932 652 2997 quassu,
668 2910 834 2996 poscendo
844 2911 1011 2993 juvamina
1025 2909 1117 2987 laeso,

259 2997 362 3062 Posce
380 2997 487 3063 Deum
504 3018 564 3081 pro
579 3020 642 3075 me,
661 2998 720 3061 tibi
735 2999 915 3063 sanandum
930 2997 1036 3062 refero
1051 3019 1103 3062 me
1117 3023 1126 3074 ;

256 3085 327 3150 Nec
341 3106 434 3150 mora
449 3085 588 3163 sanabis,
605 3087 632 3148 si
646 3108 707 3171 pro
722 3108 787 3162 me,
800 3098 921 3163 sancte,
938 3085 1086 3173 rogabis3

256 3168 372 3238 Nullus
384 3172 501 3238 abinde
516 3173 624 3252 labor,
642 3174 669 3237 si
685 3185 716 3237 te
727 3185 883 3259 poscente
895 3172 1027 3240 beabor.

213 3456 699 3565 mamylus-Quorum
708 3488 1040 3549 iaternmndaeandum
1045 3489 1183 3550 animam

317 3577 477 3658 eujusdam
492 3577 537 3638 ad
549 3575 655 3637 coelum
669 3574 709 3635 ab
720 3574 841 3653 abuelis
846 3573 935 3653 ferri
948 3574 1069 3635 auderit.

253 3798 387 3866 Sobrius
402 3799 444 3863 ad
458 3818 585 3861 mensas
600 3793 741 3859 residens
757 3794 901 3860 coelestia
914 3815 1049 3881 pensas3

251 3888 342 3952 Dum
354 3884 532 3950 convivaris
548 3896 626 3948 voto
642 3905 738 3967 super
751 3894 838 3949 astra
849 3882 982 3947 levarisz

252 3977 283 4041 A
299 3975 383 4061 dape
398 3985 541 4039 semotus
555 3971 680 4036 lassaris
696 3994 834 4057 corpore
849 3981 953 4035 totns:

251 4064 318 4128 Res
335 4073 440 4127 mutat
455 4062 590 4137 vultum,
607 4060 723 4145 linquit
735 4081 864 4145 qnoque
876 4057 1011 4122 dextera
1026 4056 1179 4134 cultrum;

251 4150 364 4217 Corda
378 4171 480 4235 pavor
493 4147 611 4224 vibrat,
628 4158 769 4209 mentem
785 4147 832 4208 vis
846 4144 960 4208 eoeliea
973 4143 1078 4210 librat

250 4238 384 4303 Horum
398 4236 556 4314 miratrix,
574 4235 627 4323 pia
642 4232 799 4298 virtutum
814 4230 1009 4311 famulatrix,

250 4325 356 4411 Regia
366 4325 459 4415 virgo
473 4323 605 4413 qnidam
620 4343 693 4409 quae
705 4332 783 4386 tuno
797 4320 917 4385 assedit
929 4320 1051 4386 ibidem

252 4414 408 4482 Possoere
422 4413 479 4481 vix
490 4436 579 4492 ausa,
595 4410 738 4499 digneris
752 4421 790 4476 ut
803 4409 902 4477 edere
916 4408 1036 4487 abusa
