3142 5159
298 1248 520 1335 INCIPIT
549 1245 687 1327 VITA
720 1243 934 1325 SANCTI
974 1244 1139 1323 EATAE

388 1448 817 1522 HAUGUSTALDENSIS
837 1448 1043 1511 EPISCOPI.

525 1719 946 1735 W

204 1996 309 2061 Auno
336 1993 376 2059 ab
403 1993 629 2060 incarnacione
669 1992 804 2058 Domini
841 1994 944 2058 nostri
970 1991 1048 2056 Jesu
1080 1987 1201 2054 Christi
1229 2007 1287 2053 oc.

144 2106 267 2163 xxxru,
288 2083 457 2149 interfecto
473 2083 507 2148 in
531 2108 642 2172 pugna
662 2082 830 2171 Eadwyno
845 2098 923 2169 rege
948 2078 1289 2165 Northanymbrorum

142 2174 351 2252 nobilissimo,
368 2174 506 2257 suscepit
521 2196 581 2259 pro
604 2172 660 2236 illo
676 2194 812 2257 regnum
828 2170 1051 2236 Bernici0rum
1065 2170 1151 2233 filius
1176 2166 1289 2233 Ethel-

143 2262 234 2340 fridi;
258 2265 314 2350 qui
336 2262 377 2327 de
392 2261 447 2326 illa
468 2264 634 2349 provincia
649 2263 777 2350 generis
794 2273 827 2325 et
850 2263 941 2349 regni
957 2260 1113 2343 originem
1137 2256 1287 2334 duxerat,

143 2356 273 2416 nomine
305 2350 488 2418 Eanfridus.
541 2350 718 2438 Siquidem,
755 2364 901 2433 ternpore
931 2362 1011 2425 toto,
1050 2370 1115 2433 quo
1142 2343 1290 2434 regnavit

144 2441 320 2525 Edwynus,
334 2438 391 2502 filii
407 2439 534 2522 praefati
549 2441 633 2524 regis
658 2437 844 2513 Ethelfridi,
862 2440 1003 2523 quiante
1018 2434 1110 2498 illum
1133 2455 1288 2517 regnave·

143 2541 203 2603 rat,
229 2549 302 2589 cum
325 2547 441 2623 magna
465 2525 623 2587 nobilium
638 2524 809 2607 juventute
824 2525 912 2609 apud
930 2526 1058 2588 Scottos
1087 2522 1153 2587 sive
1178 2520 1287 2585 Pictos

144 2614 336 2686 exulabant3
353 2612 460 2697 ibique
476 2612 517 2675 ad
529 2612 709 2676 doctrinam
727 2614 913 2677 Scottorum
929 2612 1093 2675 catezizati
1119 2622 1152 2675 et
1166 2608 1289 2694 baptis-

140 2699 234 2763 matis
249 2700 352 2787 gratia
367 2710 441 2763 sunt
457 2700 570 2767 renati.
622 2699 686 2773 Qui
702 2714 748 2777 ut,
761 2716 890 2765 mortuo
907 2722 982 2784 rege
998 2698 1138 2777 inimico,
1152 2696 1288 2783 patriam

142 2801 215 2852 sunt
241 2787 346 2851 redire
370 2782 537 2873 permissi3
561 2810 597 2853 ac
621 2790 706 2873 cepit
728 2789 849 2874 primus
880 2811 1001 2867 eorum,
1026 2810 1122 2876 quem
1145 2787 1287 2852 diximus

142 2875 327 2953 Eanfridus,
344 2899 480 2961 regnum
498 2876 728 2942 Bernici0rum.
780 2876 857 2955 Qui,
875 2890 910 2942 ut
925 2880 1046 2942 terreni
1061 2875 1155 2960 regni
1170 2875 1286 2939 infulas

141 2964 272 3030 sortitus
298 2978 357 3042 est,
382 2957 579 3029 sacramenta
605 2966 741 3029 coelestis
763 2968 865 3049 regni,
894 2966 1010 3052 quibus
1034 2964 1181 3029 iniciatus
1206 2976 1285 3040 erat,-

142 3052 442 3119 anathematizando
457 3054 617 3139 perdidit3
642 3076 678 3118 ac
693 3077 727 3118 se
742 3054 855 3139 priscis
878 3053 1036 3118 idolatriae
1052 3052 1202 3117 sordibus
1217 3050 1289 3137 poI-

141 3142 296 3207 Iuehdum
311 3142 733 3229 perdendumquerestituit.
782 3141 853 3208 Nec
867 3165 976 3206 mora:
1004 3142 1078 3206 Rex
1090 3140 1287 3217 Brittonum,

146 3228 338 3307 ceadwalla,
355 3231 446 3295 illurn
458 3232 557 3317 impia
572 3254 669 3295 manu
685 3231 742 3297 sed
759 3232 850 3317 justa
872 3230 1000 3295 ulci0ne
1015 3232 1164 3317 peremit.
1211 3230 1288 3306 Quo

142 3319 260 3399 occiso,
276 3318 375 3385 frater
390 3321 468 3405 ejuS,
491 3320 538 3383 vir
555 3319 629 3385 Deo
644 3319 791 3400 dilectus,
808 3319 988 3397 Oswaldus,
1012 3318 1195 3397 adveniens
1213 3340 1288 3383 cum

142 3429 242 3492 parvo
266 3409 398 3495 quidem
432 3408 588 3487 exercitu,
626 3410 683 3474 sed
709 3410 775 3473 fide
800 3409 924 3473 Christi
953 3408 1087 3486 munito,
1118 3408 1288 3472 infandum

147 3496 333 3561 Brittonum
356 3519 475 3585 regem,
491 3497 598 3561 fratris
621 3498 671 3561 sui
687 3496 936 3576 interfectorem,
954 3519 1029 3560 cum
1049 3498 1202 3561 inmensis
1225 3494 1288 3559 illis

145 3585 255 3669 copiis,
273 3585 389 3671 quibus
412 3583 456 3648 nil
477 3584 624 3649 resistere
639 3608 734 3671 posse
751 3586 906 3669 jactabat,
931 3585 1049 3649 delevit
1056 3610 1065 3662 3
1089 3607 1288 3671 regnumque

146 3672 369 3736 Bernici0rum
378 3670 535 3759 simulque
552 3672 737 3751 Deirorum,
749 3673 826 3738 Deo
838 3687 960 3753 autore,
971 3674 1108 3760 adeptus
1120 3687 1180 3737 est.
1208 3672 1285 3750 Qui,

144 3761 201 3825 ubi
215 3784 350 3849 regnum
366 3760 515 3846 suscepit,
531 3761 716 3827 desiderans
731 3775 844 3840 totam,
862 3764 913 3827 cui
935 3785 1072 3847 praeesse
1084 3764 1192 3849 coepit,
1208 3786 1290 3850 gen-

145 3863 219 3927 tem,
236 3850 312 3915 fidei
329 3848 521 3914 Christianae
536 3850 640 3938 gratia
655 3850 766 3929 imbui,
784 3850 870 3916 misit
892 3852 933 3917 ad
948 3856 1084 3939 majores
1100 3865 1180 3917 natu
1196 3855 1288 3916 Scot-

144 3951 262 4016 torum,
288 3962 308 4003 a
330 3938 446 4026 quibus
470 3940 538 4023 ipse
564 3939 696 4004 exrilans
723 3939 900 4024 baptizatus
922 3956 1001 4019 erat,
1027 3954 1142 4027 petens
1166 3953 1202 4005 ut
1226 3939 1287 4005 sibi

143 4026 324 4091 mitteretur
339 4026 482 4105 antistes,
499 4029 589 4114 cujus
599 4028 748 4094 doctrina
758 4051 796 4092 ac
810 4028 985 4095 ministerio
996 4052 1075 4113 gens
1092 4030 1286 4119 Anglorum,

145 4137 241 4201 quarn
256 4117 398 4203 regebat,
423 4115 606 4181 Dominicae
621 4116 697 4181 fidei
721 4133 919 4183 sacramenta
941 4120 1126 4203 susciperet.
1173 4118 1288 4204 Neque

146 4202 310 4290 aliquanto
341 4202 472 4282 tardius,
494 4206 582 4292 quod
609 4204 715 4291 peciit,
746 4205 942 4291 impetravit.
988 4210 1123 4294 Accepit
1149 4229 1288 4293 namque

147 4293 333 4376 pontificem
346 4291 527 4379 Aydanum,
541 4315 674 4358 summae
684 4294 936 4359 mansuetudinis
946 4307 980 4361 et
991 4296 1117 4381 pietatis
1130 4319 1167 4360 ac
1177 4296 1288 4360 mode-

147 4379 276 4444 raminis
307 4382 421 4460 virum,
439 4384 490 4445 cui
515 4383 556 4447 ad
581 4406 615 4447 se
640 4384 782 4447 venienti
802 4404 861 4448 rex
889 4384 1057 4450 Oswaldus
1078 4385 1186 4459 Iocum
1204 4385 1288 4449 sedis

146 4468 335 4558 episcopalis
358 4469 391 4536 in
412 4470 517 4537 insula
539 4470 805 4552 Lindisfarnonsi,
830 4473 885 4541 ubi
906 4475 976 4562 ipse
998 4474 1139 4560 petebat,
1163 4472 1286 4551 tribuit,

705 4579 733 4626 Μ
