3142 5159
485 512 624 565 saucrr
642 513 878 567 curuasarr,
1236 495 1285 563 85

132 676 297 765 quondam
314 674 398 740 illius
414 676 587 740 mansionis
609 678 841 742 sanctificatum
861 678 989 757 honori,
1005 701 1025 743 a
1039 677 1156 743 nostris
1171 698 1287 764 proge-

133 764 291 829 nitoribus
308 764 408 829 atavis
419 766 603 849 frequenter
614 764 806 841 audivimus,
818 781 849 829 et
864 788 924 851 pro
934 766 1024 830 istius
1039 765 1205 830 sanctitate
1217 787 1287 830 cre·

133 853 192 916 bra
207 850 278 915 istic
300 852 385 915 facta
413 852 509 917 fuisse
536 853 692 917 miracula
715 854 832 936 saepius
855 855 1077 938 experimento
1106 852 1287 916 didicimus.

136 939 320 1004 Sicutenim
337 951 463 1024 patruni
474 939 645 1005 traditione
661 942 887 1023 comperimus,
901 941 980 1004 olim
994 942 1027 1004 in
1042 940 1103 1004 hac
1118 962 1286 1004 nemorum

134 1026 307 1091 solitudine
322 1040 412 1091 tanta
426 1027 579 1113 luporum
595 1027 769 1091 multitudo
793 1041 825 1092 et
849 1050 934 1092 saeva
949 1028 1103 1114 ingluviei
1127 1028 1286 1114 rapacitas

134 1114 255 1193 extitit,
281 1116 368 1202 quod
384 1114 483 1178 nichil
499 1114 671 1179 viventium
687 1114 854 1179 hominum
879 1138 918 1179 va
941 1115 1080 1179 ferarum
1095 1115 1287 1199 perdurasse

134 1202 288 1289 potuerit.
339 1201 444 1267 Omne
460 1226 536 1267 vero
559 1204 646 1290 quod
669 1203 765 1287 hujus
795 1216 885 1288 septa
909 1202 1143 1279 concluserant,
1170 1200 1288 1266 nullius

135 1290 293 1354 molestiae
308 1289 422 1375 rapina
436 1290 570 1378 fatigare
585 1306 855 1375 praesumpserat3
881 1313 987 1376 neque
1003 1312 1144 1376 unquam
1159 1289 1287 1374 praedo-

135 1400 204 1456 neS,
229 1378 326 1455 fures,
342 1378 392 1441 vel
409 1377 538 1442 alterius
554 1377 761 1466 malignitatis
774 1378 912 1445 cultores
927 1380 1015 1443 intra
1029 1378 1123 1466 hujus
1134 1378 1287 1442 territorii

137 1477 229 1550 septa
237 1464 456 1550 praevalebant
471 1465 611 1552 aliquem
628 1467 797 1551 attingere.
821 1466 920 1532 Unde
937 1489 1003 1531 non
1021 1479 1085 1532 tarn
1095 1463 1287 1531 animalibus

136 1574 233 1639 qnam
250 1552 432 1616 hominibus
448 1554 537 1617 locus
553 1553 614 1617 iste
630 1554 818 1641 suffragium
831 1567 864 1619 et
878 1554 1034 1618 auxilium
1050 1567 1108 1632 est,
1119 1554 1178 1618 sed
1190 1552 1287 1617 etiam

136 1641 261 1704 cunctis
283 1640 472 1705 mortalibus
500 1641 661 1727 refugium
688 1655 720 1705 et
747 1642 915 1727 protectio.
963 1642 1126 1727 Tempore
1151 1663 1288 1728 namque

136 1727 257 1811 lupinae
273 1728 406 1792 feritatis
422 1730 541 1814 quique
569 1729 853 1814 comprovinciales
869 1752 927 1793 sua
942 1729 1070 1813 peculia
1085 1729 1168 1793 infra
1191 1729 1287 1813 hujus

135 1814 199 1879 loci
214 1816 352 1879 ambitus
369 1814 616 1899 compellebant,
640 1829 673 1879 et
698 1818 846 1880 omuibus
870 1817 944 1880 feris
961 1816 1136 1880 immitibus
1151 1817 1288 1878 circum·

135 1926 265 1990 quaque
277 1925 316 1966 ea
331 1902 558 1968 insidiantibus
573 1927 739 1990 nunquam
755 1904 908 1989 praefixas
920 1927 1005 1968 areae
1021 1903 1137 1968 limites
1152 1914 1288 1987 praeter-

136 1991 229 2079 gredi
253 1992 502 2075 praesumebant.
550 1991 698 2067 Sibilare‚
715 1992 876 2069 frendere,
893 2005 926 2054 et
950 1990 1057 2079 rugire
1081 1990 1234 2054 adversus
1250 2013 1289 2054 ea

138 2092 300 2162 poterant,
318 2079 373 2142 sed
390 2081 548 2143 excedere
565 2080 632 2163 ejus
648 2081 727 2142 fines
743 2081 870 2164 penitus
901 2100 964 2142 non
980 2078 1163 2145 valebant.'’
1212 2077 1287 2142 Hiis

137 2166 242 2244 dictis,
259 2166 418 2229 solitarius
434 2168 672 2250 supramodum
690 2168 897 2251 stupefactus,
917 2167 991 2230 Deo
1002 2166 1118 2253 gratias
1133 2165 1286 2243 reddidit,

137 2269 171 2318 et
187 2277 229 2318 ex
245 2277 284 2317 eo
302 2267 444 2338 tempore
478 2255 615 2317 Beatum
649 2254 865 2319 Cuthbertum
896 2254 1101 2319 devotissime
1132 2253 1285 2331 excoluit,

137 2344 213 2428 quia
228 2340 270 2404 de
284 2340 344 2403 hiis
360 2364 433 2427 quae
449 2341 572 2405 viderat
598 2355 630 2406 et
644 2342 791 2407 audierat
806 2342 954 2407 dubitare
971 2366 1036 2406 non
1060 2342 1177 2427 potuit.
1226 2342 1287 2405 Fe·

138 2442 216 2493 runt
232 2442 338 2492 autem
370 2428 453 2492 illius
469 2429 531 2493 loci
547 2429 663 2493 incolae
679 2431 766 2516 quod
795 2429 958 2521 usquenin
984 2429 1176 2493 hodiernum
1200 2428 1286 2491 diem

140 2517 221 2581 infra
236 2516 352 2580 limites
367 2516 466 2600 ipsius
482 2540 566 2581 areae
581 2540 641 2581 nec
668 2517 754 2581 fures
777 2517 938 2581 effodiunt
966 2517 1013 2579 vel
1045 2517 1204 2592 furantur,
1236 2517 1287 2579 vel

138 2604 288 2668 animalia
312 2626 369 2667 seu
385 2605 537 2691 quaelibet
565 2605 627 2669 alia
657 2605 697 2669 de
728 2606 801 2667 loco
828 2604 884 2667 illo
908 2605 1022 2690 injuste
1053 2603 1207 2667 violenter
1237 2603 1287 2665 vel

138 2692 363 2757 fraudulenter
391 2707 526 2773 possunt
553 2694 688 2757 auferre.
735 2692 843 2755 Locus
859 2691 912 2755 ille
929 2691 1063 2754 Moddri
1075 2691 1205 2768 dicitur,
1222 2690 1287 2754 dis-

137 2794 249 2867 tatque
265 2803 284 2843 a
299 2781 427 2844 civitate
448 2780 627 2845 Bedeforde
651 2793 789 2867 quatuor
803 2778 930 2845 circiter
945 2779 1133 2844 miliaribus.

501 3092 618 3171 [ora.
643 3090 926 3172 xxixa-Ata.

182 3322 401 3406 Episcopante
425 3321 529 3385 Beato
552 3317 747 3393 Cuthberto,
771 3338 897 3401 semper
919 3313 1114 3380 castimoniae
1130 3314 1239 3393 decus,
1256 3325 1290 3379 et

139 3410 349 3473 continentiae
365 3411 474 3485 virtue,
487 3408 571 3470 circa
586 3427 621 3469 se
636 3427 774 3491 suosque
802 3403 938 3492 rigando
953 3403 1078 3480 claruit,
1102 3415 1134 3466 et
1153 3404 1288 3487 justitiae

139 3496 246 3562 cultus
262 3509 294 3560 et
310 3497 487 3561 honestatis
502 3495 636 3558 affectus
663 3492 797 3556 floridus
813 3505 877 3556 tam
902 3496 934 3553 in
959 3489 1083 3555 actibus
1099 3512 1194 3576 quam
1211 3511 1291 3575 ope·

140 3585 230 3649 ribus
245 3584 305 3668 piis
321 3584 440 3649 cotidie
456 3580 631 3647 crescendo
652 3580 844 3664 comparuit,
893 3578 946 3641 Ad
961 3578 1134 3642 devitanda
1149 3578 1289 3663 deniqne

140 3673 234 3736 malae
250 3670 438 3756 suspicionis
453 3668 637 3756 obprobria,
662 3689 790 3752 semper
818 3666 1010 3730 feminarum
1033 3665 1098 3728 suis
1119 3664 1291 3730 interdixit

140 3760 354 3824 contubernia
369 3760 419 3823 vel
435 3760 638 3846 frequentata
660 3754 834 3821 consortia.
882 3752 1037 3831 Quodam
1062 3753 1182 3817 exinde
1209 3765 1290 3816 tem-

141 3870 219 3932 pore
229 3847 308 3911 dum
320 3849 457 3913 Sanctus
474 3845 627 3912 Pontifex
643 3846 675 3907 in
686 3842 882 3908 monasterio
897 3842 938 3906 de
949 3863 1039 3906 more
1055 3840 1222 3906 redimitus
1233 3862 1290 3905 ex·

141 3934 214 4012 titit,
227 3935 436 4019 processionis
452 3936 550 3999 ritum
566 3932 760 3999 celebrando
783 3933 903 4017 exequi
918 3928 1042 3994 debuit:
1074 3928 1145 3993 lraec
1161 3929 1291 4015 quidem

140 4021 255 4087 diebus
264 4023 482 4107 solempnibus
494 4022 606 4085 solitus
617 4034 683 4084 erat
700 4042 809 4107 agere,
821 4033 854 4083 et
870 4019 1105 4103 subsequenter
1120 4017 1170 4081 vel
1185 4040 1293 4083 sacro-

141 4126 252 4175 sancta
267 4112 426 4175 conficere
443 4110 492 4175 vel
508 4110 628 4174 diutius
640 4106 774 4171 rudibus
790 4106 918 4193 populis
933 4106 1057 4168 monita
1071 4104 1215 4169 coelestia
1229 4104 1292 4168 dis·

140 4220 286 4282 pensare.
336 4198 484 4263 Exeunte
501 4220 580 4284 ergo
596 4196 636 4260 ad
652 4193 722 4258 haec
745 4195 851 4257 officia
881 4192 1046 4279 pontifice,
1077 4192 1184 4257 subito
1208 4192 1292 4255 inter

140 4287 240 4350 verba
257 4286 321 4349 Dei
336 4308 409 4371 quae
432 4284 644 4371 praedicando
676 4281 785 4359 seruit,
817 4282 897 4345 vidit
923 4280 1094 4366 plerosque
1124 4278 1291 4342 hominum

140 4372 299 4438 caehinno
316 4373 501 4438 resultando
517 4375 631 4438 ridere.
676 4368 748 4433 Janr
765 4368 896 4456 quidem
911 4369 1031 4456 quique
1053 4369 1132 4433 alias
1147 4365 1294 4430 intende-

140 4462 231 4541 bant,
248 4475 281 4528 et
295 4462 386 4549 quasi
399 4462 441 4527 ad
456 4460 638 4548 spectacula
646 4458 851 4545 praemirifica
863 4455 1047 4525 contuenda
1056 4452 1201 4520 nonnulli
1217 4474 1294 4518 con·
