3142 5159
699 482 792 538 VITA
820 482 960 537 snucrt

379 648 422 715 Et
430 646 519 734 jacet
535 649 737 736 antepedes,
753 661 790 715 ut
805 648 925 737 priscas
941 648 1094 737 impetret
1109 654 1208 724 aedes.

381 736 517 814 Annuis,
533 735 610 803 hinc
625 737 704 803 abiit
720 737 814 815 celer,
831 751 864 803 et
878 739 1002 803 socium
1017 743 1190 812 revocavit.

379 824 470 889 Dant
487 824 549 888 suis
565 837 743 912 unguenta,
761 824 879 913 quibus
894 849 1020 915 unguas
1035 828 1264 906 calciamenta3

379 919 423 978 Et
439 913 592 1000 posthaec
608 914 666 979 fidi
681 913 822 980 retinent
836 915 1023 979 habitacula
1037 916 1116 982 nidi.

382 999 437 1066 Sic
453 1000 609 1087 reprimas
625 1000 689 1088 legi
701 1002 857 1091 quicquid
872 1004 1051 1069 contrarius
1067 1004 1137 1095 egi3

382 1089 409 1154 F
410 1112 447 1154 ac
462 1105 666 1175 peccatorum
682 1093 835 1179 plangam
851 1090 1019 1157 commissa
1034 1115 1193 1172 meorum3

379 1176 495 1243 Insons
511 1180 658 1258 existam,
675 1178 754 1243 (lum
770 1177 868 1243 vitam
884 1201 979 1245 curro
994 1202 1053 1266 per
1067 1179 1172 1260 istam,

381 1264 422 1331 In
437 1265 571 1351 regione
583 1262 649 1333 Dei
666 1264 763 1332 michi
779 1264 821 1332 sit
837 1265 930 1333 sedes
946 1265 1080 1357 requiei.

337 1577 454 1666 [CAP.
472 1577 729 1664 XXI.]-Quod
738 1583 905 1667 nequeam
919 1604 941 1645 a
944 1582 1107 1664 fratribus
1121 1583 1239 1667 liquam
1253 1584 1316 1649 aibr·

685 1691 771 1737 mare
793 1671 962 1736 advocerit.

382 1895 515 1961 Fratres
533 1891 719 1969 oblitisunt
735 1894 863 1961 roboris
875 1906 949 1961 ante
965 1894 1070 1983 petiti,

385 1982 483 2058 Quod
495 1981 590 2048 maris
606 1983 694 2048 unda
703 1982 833 2071 quidem
845 1981 904 2048 tibi
915 1982 977 2049 fert
992 1996 1025 2049 et
1041 1981 1135 2070 ponit
1151 1983 1283 2065 ibidem,

384 2071 437 2136 Ad
453 2070 699 2137 sustentandum
715 2072 821 2137 fuerat
836 2093 900 2159 qua
914 2084 1007 2156 parte
1019 2072 1203 2153 locandum,

382 2157 444 2224 Illa
458 2178 609 2223 mensura
620 2180 693 2224 casa
707 2180 772 2245 qua
783 2157 868 2224 foret
882 2158 945 2224 hoo
960 2160 1122 2225 habitura.

382 2247 436 2311 Sic
451 2244 509 2311 tibi
524 2245 650 2313 factura
663 2246 785 2337 gaudet
799 2269 858 2312 sua
872 2248 1013 2313 subdere
1020 2251 1115 2337 jura3

384 2331 514 2399 Facturi
529 2344 667 2421 gratum,
685 2334 760 2423 quia
775 2347 810 2399 tu
827 2334 964 2401 dederas
980 2336 1181 2403 famulatum.

381 2420 530 2523 Jamque,
546 2421 622 2487 Deo
635 2446 719 2500 care,
735 2424 833 2488 michi
846 2423 987 2490 clemens
1000 2423 1172 2502 auxiliare3

383 2507 433 2575 Ut
447 2530 553 2574 vrvam
568 2524 666 2591 recte,
679 2510 778 2576 michi
796 2511 972 2591 Christum,
989 2535 1112 2601 quaeso,
1128 2513 1259 2579 reflecte
1273 2536 1282 2577 r

384 2596 449 2662 Fac
464 2619 540 2663 caro
555 2596 596 2663 sit
609 2600 720 2677 menti,
737 2622 830 2667 mens
845 2599 976 2666 subdita
987 2598 1254 2687 cuncti-potenti:

387 2682 441 2753 Sic
455 2685 540 2753 bene
555 2700 707 2768 mutatus,
721 2688 798 2754 fiam
810 2689 1138 2777 quandoquebeatus.

342 2998 457 3091 [CAP.
469 2999 747 3090 XXII.]-Quod
754 3006 825 3069 licet
835 3006 923 3087 lonpe
932 3011 1093 3071 remotuso
1101 3004 1315 3069 multi-stamen

689 3093 962 3177 frequentabatur.

387 3288 475 3354 Urbs
492 3301 528 3354 ut
543 3302 655 3355 monte
666 3291 737 3370 sita,
755 3304 812 3357 tua
826 3292 986 3378 prominet
1002 3290 1145 3380 undique
1158 3292 1226 3357 vita
1235 3317 1245 3371 ς

383 3376 456 3443 Nec
471 3377 555 3443 valet
568 3377 722 3444 abscondi
737 3382 884 3467 quamvis
899 3380 931 3446 in
950 3381 977 3446 F
978 3403 1055 3446 arne
1071 3378 1214 3446 recondi.

383 3466 484 3531 Fama
498 3465 574 3532 facit
586 3479 709 3545 uotum,
726 3490 822 3555 quem
836 3469 892 3535 dat
906 3467 996 3534 locus
1008 3469 1087 3535 orbe
1102 3481 1273 3538 remotum.

383 3554 477 3631 Quos
493 3555 577 3620 mala
588 3569 784 3642 presserunt,
799 3556 964 3622 relevandi
979 3570 1011 3622 te
1026 3556 1209 3643 petierunt:

358 3674 359 3677 ¹
383 3642 463 3707 Pars
479 3665 551 3730 quae
564 3642 691 3708 fecisset
706 3644 802 3723 mala,
819 3667 895 3732 pars
911 3668 983 3735 quae
995 3668 1089 3730 passa
1104 3644 1215 3709 fuisset

385 3734 523 3799 Pectore
538 3730 667 3817 lugubri
680 3732 747 3797 fera
763 3744 998 3819 temptamenta
1011 3732 1146 3812 colubri,

382 3824 428 3883 Ut
443 3834 678 3896 recrearentur,
692 3817 749 3883 tibi
767 3821 886 3907 quique
900 3820 1060 3906 gemendo
1075 3820 1239 3899 fatentur3

381 3905 454 3970 Nec
469 3920 544 3971 sunt
558 3905 687 3990 decepti
702 3927 770 3990 spe,
787 3928 862 3971 nam
877 3909 1002 3975 rediere
1016 3908 1139 3977 refecti.

384 3992 493 4058 Nemo
508 3992 593 4059 redit
603 4005 746 4072 mlestus,
764 3995 876 4061 retulit
889 4019 950 4063 nec
962 3998 1100 4083 pectoris
1115 4010 1232 4073 aestus3

384 4078 536 4146 Solamen
547 4082 677 4159 moestis,
694 4079 847 4150 relevatio
860 4098 1010 4172 prompta
1024 4084 1178 4166 molestis,

385 4168 513 4233 Lumen
529 4170 700 4256 temptatis,
717 4192 788 4255 spes
805 4172 916 4237 auxilii
932 4173 1091 4240 tribulatis

383 4254 438 4320 Tu
453 4256 557 4322 fueras
573 4258 687 4338 factus,
703 4260 859 4325 virtutum
875 4260 1016 4328 culmina
1030 4276 1165 4339 nactus3

385 4342 468 4409 Nam
484 4344 566 4411 bene
582 4346 702 4411 scivisti
713 4368 895 4434 proponere
908 4347 1029 4435 gaudia
1046 4349 1179 4428 Christi,

384 4427 429 4500 Et
442 4430 660 4503 mundiluxus
672 4436 821 4525 quamsit
836 4458 910 4505 cum
921 4448 1067 4525 tempore
1080 4438 1201 4507 fluxus.
