3142 5159
625 451 818 508 ulutatus
843 452 897 507 DE
922 450 1027 508 OBW

626 880 629 885 ·
716 870 815 935 car.
833 870 933 958 [rm]

295 1093 386 1158 Nulli
408 1105 519 1159 tamen
541 1092 685 1158 fidelium
708 1094 772 1157 hoc
795 1093 944 1159 videatur
958 1093 1028 1158 fore
1044 1090 1304 1169 tenemerarium,
1323 1093 1399 1172 [ita]

245 1186 369 1271 justum
385 1181 534 1247 videlicet
549 1180 649 1269 iniqui
664 1181 825 1246 exactoris
841 1182 1012 1247 subeundo
1027 1179 1184 1245 sustinere
1199 1178 1399 1264 supplicium.

253 1271 363 1336 Verax
387 1270 472 1335 euim
497 1270 702 1356 quandoque,
727 1270 804 1335 Deo
827 1268 1030 1356 disponente,
1054 1270 1151 1334 datur
1173 1267 1353 1346 fallacibus,
1370 1280 1402 1333 et

251 1358 341 1445 pium
356 1357 422 1423 sine
435 1358 540 1443 culpa,
554 1372 590 1421 ut
602 1371 768 1443 purgetur,
779 1356 970 1446 plerumque
985 1356 1100 1443 fatigat
1109 1355 1246 1443 iniquus.
1278 1354 1402 1442 Estque

251 1446 314 1510 hoc
331 1447 496 1531 justorum
518 1445 593 1509 satis
616 1444 782 1531 probabile
806 1447 1075 1531 experimentum,
1098 1444 1176 1509 dum
1196 1445 1332 1509 adversa
1346 1464 1403 1529 pa·

254 1533 377 1599 cienter
411 1532 588 1619 suscipiunt
612 1545 644 1597 ct
670 1533 837 1612 sustinent,
862 1545 997 1621 propter
1017 1532 1208 1599 humilitatis
1229 1531 1403 1619 discipula-

251 1633 321 1687 tum
345 1636 378 1687 et
400 1621 462 1707 piae
486 1621 736 1687 conversationis
760 1624 957 1708 exemplum.
1006 1623 1110 1689 Beata
1131 1634 1179 1686 est
1203 1620 1301 1709 igitur
1316 1629 1413 1685 verae'

252 1710 403 1797 puritatis
425 1710 621 1789 innocentia,
645 1733 718 1800 quae
738 1710 880 1796 inhujus
899 1710 998 1797 Regis
1013 1711 1080 1776 filia
1094 1710 1234 1797 puritate
1249 1707 1403 1774 effulsisse

251 1799 466 1885 cognoscitur,
491 1822 564 1886 quae
579 1800 720 1864 formosa
735 1800 841 1885 specic
856 1799 942 1864 sicut
954 1812 987 1865 et
998 1822 1154 1886 generosa
1168 1797 1346 1863 dinoscitur
1361 1820 1403 1863 ex

249 1889 365 1953 nobilis
381 1892 539 1975 prosapiae
555 1888 724 1974 dignitate.
765 1889 875 1964 Quam
889 1887 983 1953 multi
994 1887 1025 1953 ei
1037 1887 1254 1953 veneracionis
1266 1885 1401 1972 gloriam

254 1976 463 2056 exhibebant,
489 1979 564 2064 quia
589 1976 761 2041 venustatis
784 1977 924 2063 speciem
941 1989 974 2042 et
988 1979 1050 2063 piae
1066 1976 1183 2042 indolis
1194 1977 1402 2062 juventutem

251 2064 286 2131 in
309 2066 394 2131 illius
420 2065 525 2130 forma
551 2065 775 2150 pulcritudinis
802 2065 964 2151 refulgere
989 2064 1155 2131 videbant.
1202 2064 1256 2144 Et,
1282 2074 1400 2142 tamen,

253 2165 376 2241 quanto
406 2153 597 2238 quibusdam
624 2166 694 2219 erat
723 2154 765 2217 ad
792 2153 971 2219 dilectionis
995 2155 1141 2240 gratiam,
1166 2164 1258 2218 tanto
1288 2152 1402 2218 emulis

251 2243 365 2308 claruit
380 2244 422 2307 ad
437 2241 667 2327 persecutionis
685 2241 849 2310 offensam.
893 2242 992 2308 Unde
1008 2243 1099 2331 virgo
1119 2264 1288 2328 generosa,
1301 2240 1402 2327 impio

247 2330 383 2432 jubente
408 2353 494 2415 rege,
521 2330 553 2393 in
570 2330 756 2394 servitutem
772 2330 939 2417 redigitur.
990 2330 1248 2396 Generositatem
1262 2350 1402 2418 namque

251 2418 335 2483 rllius
351 2420 559 2483 convertebat
574 2420 607 2482 in
623 2418 820 2497 servitutem,
838 2418 1089 2505 pulcritudinem
1103 2418 1144 2484 ad
1160 2416 1297 2484 saeviciae
1310 2440 1402 2483 occa·

251 2507 383 2587 sionem,
401 2508 579 2573 libertatem
596 2507 722 2592 generis
738 2508 779 2573 ad
795 2507 1073 2573 subsannationem
1091 2520 1123 2573 et
1138 2508 1183 2572 ad
1193 2507 1403 2594 opprobrium

253 2596 395 2661 vilitatis.
443 2596 572 2685 Regina
594 2618 732 2697 namque
756 2596 852 2682 ipsius
875 2596 1066 2662 famulatum
1089 2594 1187 2682 peciit
1210 2609 1242 2661 et
1258 2595 1402 2681 accepit;

254 2686 310 2750 sed
334 2686 521 2770 obsequium
537 2684 704 2770 dignitatis
720 2686 908 2750 omnimodo
924 2684 1082 2750 convertit
1096 2685 1138 2750 ad
1161 2684 1402 2771 oppressionem

254 2773 380 2837 miserae
403 2774 575 2838 servitutis.
626 2772 790 2861 Quicquid
806 2777 890 2838 enim
906 2797 966 2860 pro
982 2773 1160 2860 erepcionis
1176 2772 1403 2838 consolacione

252 2861 373 2927 habere
398 2862 510 2927 debuit
533 2874 638 2925 totum
662 2861 813 2946 puellulae
835 2862 1039 2947 dispendium
1062 2862 1276 2948 pervertendo
1292 2862 1404 2947 regina

254 2950 473 3015 commutavit.
520 2950 564 3015 Et
588 2962 694 3013 tamen
716 2949 798 3028 haec,
823 2973 861 3014 ac
883 2949 1071 3028 consimilia,
1089 2974 1162 3014 cum
1178 2962 1295 3037 pacata
1310 2949 1404 3014 susti-

252 3040 323 3105 nuit
332 3039 429 3103 animi
441 3037 616 3126 paciencia,
629 3038 697 3103 sine
710 3038 797 3102 omni
808 3038 975 3102 murmuris
988 3038 1118 3125 querela
1126 3038 1178 3103 vel
1191 3037 1404 3104 desolacionis

253 3130 410 3229 angustia.
457 3128 496 3191 In
519 3127 685 3213 paciencia
707 3126 837 3213 quidem
853 3130 991 3191 animam
1007 3149 1096 3191 suam
1111 3127 1262 3211 possedit,
1280 3140 1313 3191 et
1327 3149 1406 3192 con-

253 3216 341 3280 victis
364 3216 490 3291 afflicta,
516 3216 565 3279 vel
581 3213 771 3299 obprobriis,
789 3216 897 3279 omnia
912 3215 1123 3302 equanimiter
1138 3229 1171 3280 et
1194 3238 1268 3279 cum
1283 3215 1405 3301 gaudio

255 3304 338 3371 tulit.
387 3301 497 3366 Nichil
524 3302 652 3389 quidem
681 3315 730 3365 est
757 3302 873 3366 animae
897 3303 1055 3369 laboranti
1078 3304 1204 3368 suavius
1227 3304 1404 3391 paciencia,

255 3392 330 3479 quia
356 3412 451 3455 omne
476 3390 563 3477 quod
590 3389 723 3454 sustinet
746 3390 776 3455 ei
791 3392 918 3456 redolet
934 3414 976 3457 ex
991 3391 1117 3456 virtutis
1133 3392 1354 3458 moderamine
1371 3407 1405 3457 et

253 3480 434 3568 prudentia.
498 3479 596 3544 Unde
632 3478 703 3543 haec
728 3478 912 3564 juvencula,
945 3502 1018 3544 cum
1048 3495 1120 3546 estu
1150 3481 1201 3545 vel
1231 3480 1404 3570 frigoribus

254 3570 370 3656 saepius
388 3580 544 3647 ureretur,
559 3582 663 3633 totum
679 3568 785 3654 gratia
800 3569 1012 3634 moderatrice
1028 3569 1193 3646 sustinuit3
1210 3570 1293 3633 utin
1310 3569 1405 3634 dolo·

254 3659 342 3723 ribus
366 3656 491 3722 erudita
513 3681 532 3721 a
556 3656 698 3722 Domino
722 3656 909 3723 familiarius
924 3658 1000 3743 eligi
1017 3672 1203 3723 mereretur.
1252 3656 1337 3722 Nam
1354 3672 1405 3724 tot

254 3746 361 3835 flagris
385 3744 435 3810 vel
458 3745 591 3810 miseriis
614 3746 761 3810 lacessita
784 3768 949 3833 nunquam
973 3760 1081 3811 tamen
1103 3770 1123 3811 a
1137 3746 1264 3834 pristini
1279 3747 1404 3811 decoris

256 3847 342 3899 statu
356 3834 407 3899 vel
422 3833 639 3919 pulcritudine
655 3846 705 3899 est
721 3832 896 3921 aliquando
911 3835 1086 3902 immutata.

685 4190 687 4195 ,
727 4124 829 4189 cnr.
849 4123 946 4212 [ru]

301 4352 407 4438 Igitur
421 4348 659 4435 pulchritudine
675 4351 743 4431 ejus
758 4363 793 4414 et
807 4347 912 4433 specie
933 4348 1177 4435 quamplurima,
1195 4349 1268 4415 Rex
1280 4350 1405 4415 illectus

257 4441 419 4528 cupidine,
434 4438 516 4502 illius
531 4438 747 4503 inflammatur
762 4436 932 4503 dulcedine
948 4450 982 4501 et
992 4459 1112 4507 amore.
1154 4437 1241 4503 Nam
1252 4439 1407 4527 quicquid

254 4552 314 4617 pro
336 4527 461 4597 virtutis
482 4527 587 4615 gratia
607 4526 642 4593 in
663 4526 720 4594 illa
740 4525 897 4594 radiando
919 4525 1028 4595 lucere
1050 4526 1217 4615 conspicit,
1241 4540 1347 4595 totum
1361 4528 1405 4594 ad
