3142 5159
554 474 664 530 ansts
691 480 909 528 ontaonuru.
942 502 947 511 ·
1255 462 1303 530 45

166 639 329 718 abstinuit,
335 640 443 705 donee
455 654 614 726 respectus
624 642 731 706 divina
741 642 844 727 gratia
855 641 1001 727 resipuit3
1013 654 1047 707 et
1057 642 1185 707 veniens
1196 641 1228 705 T
1250 662 1304 706 ne-

168 688 332 792 mudthaui
360 730 477 792 Sancto
499 730 729 808 reconciliatus,
754 752 862 795 servus
879 731 953 831 ..ejus
975 732 1107 795 effectus
1122 742 1218 794 est.

167 816 353 880 miraculum
378 816 486 901 accepi
508 817 527 881 a
548 818 713 883 monachis
735 818 809 896 loci,
833 818 888 905 qui
910 818 943 881 in
965 842 1098 905 corpore
1120 753 1303 882 monasterii

168 904 308 983 fuerunt,
325 904 452 991 quando
467 907 580 970 crebro
595 929 741 971 sermone
756 929 821 969 nou
834 919 957 970 tantum
972 908 1057 1007 apud
1068 931 1135 984 eos,
1148 906 1206 970 sed
1217 903 1303 990 apud

168 992 272 1056 vicina
294 992 504 1071 monasteriae,
523 994 672 1081 compita,
690 995 821 1059 castella
836 1007 869 1059 et
885 994 1003 1059 urbes
995 994 1146 1060 msonuit
1157 995 1218 1059 hoc
1233 1015 1304 1059 ver·

168 1080 245 1144 bum
261 1094 294 1145 et
309 1081 434 1145 celebre
449 1081 593 1146 habitum
609 1096 669 1147 est

170 1343 269 1409 CAP.
293 1343 424 1407 XXXI.
427 1345 522 1408 -De
537 1348 667 1429 quodam
684 1349 855 1427 periprino,
871 1349 927 1429 qui
947 1348 1035 1427 apina
1053 1346 1175 1408 Novum
1191 1345 1304 1409 Castel-

254 1434 317 1495 lum
338 1434 520 1517 oeqrotahot3
543 1435 722 1515 quoraodo
710 1455 742 1497 ιιι
764 1437 888 1510 somam,
903 1442 1101 1497 commonente
1114 1454 1179 1496 eum
1195 1435 1305 1496 Sancto

254 1520 396 1601 Ayduno,
413 1522 458 1584 ad
482 1520 721 1601 Tyaemadtltam
739 1525 896 1625 prtffectas
916 1530 969 1597 est,
985 1524 1046 1583 et
1034 1542 1066 1584 m
1087 1522 1211 1585 ecclesia
1229 1521 1303 1602 ejus,

254 1609 539 1758 ῗέἲιὲιὴᾷεζξενίιῖἔπ
526 1612 635 1690 ipsias,
651 1606 672 1671 ὰ
684 1613 871 1691 pravissimo
884 1611 985 1673 dolore
998 1612 1221 1726 interaneorum
1234 1628 1304 1671 con·

217 1866 276 1931 Vir
297 1866 452 1954 quispiam
479 1868 519 1932 de
542 1891 626 1954 pago
651 1868 849 1933 Norwioensi
871 1868 1034 1948 oriundus,
1059 1868 1153 1933 tertia
1175 1868 1306 1933 tandem

170 1948 239 2019 vice
263 1978 336 2019 cum
358 1956 398 2019 ab
422 1956 647 2021 lerosolimis
638 1980 671 2020 ιιι
693 1957 845 2042 Angliam
867 1957 996 2035 rediret,
1018 1980 1060 2022 ex
1082 1956 1198 2021 insueti
1220 1956 1304 2021 forte

169 2043 231 2106 cibi
254 2043 439 2122 refectione,
456 2044 630 2108 tortionum
653 2044 900 2109 intolerabilium
922 2046 1036 2109 morbo
1050 2057 1194 2109 ventrem
1216 2045 1307 2109 dole-

169 2131 246 2207 bat3
270 2154 334 2195 non
349 2132 434 2195 horis
451 2132 619 2211 continuis,
636 2131 693 2197 sed
709 2145 889 2218 temporum
906 2132 1213 2218 interpolationibus.
1262 2132 1305 2197 Et

169 2178 297 2305 quarido
312 2232 384 2305 post
399 2232 546 2321 septenos
562 2220 613 2285 vel
631 2221 807 2307 quindenos
822 2221 890 2286 dies
908 2220 989 2285 hora
1008 2221 1153 2285 tortionis
1168 2222 1306 2285 advene-

169 2321 230 2407 rat,
243 2306 432 2371 clamoribus
444 2307 546 2372 anxiis
562 2330 626 2371 non
641 2308 743 2372 solum
755 2309 909 2373 domum
901 2332 933 2372 ιιι
948 2309 1011 2396 qua
1026 2311 1186 2387 manebat,
1199 2309 1257 2374 sed
1271 2322 1306 2372 et

169 2394 302 2459 vicinam
324 2396 480 2496 replebat.
527 2396 594 2460 Hie
617 2396 658 2460 ad
685 2398 836 2461 Sanctum
853 2398 1029 2475 Andream,
1046 2397 1100 2483 qui
1123 2396 1156 2460 iu
1175 2396 1305 2462 Scothia

169 2498 349 2560 veneratur,
366 2483 427 2547 iter
438 2483 600 2568 arripiens,
617 2485 660 2548 ad
676 2483 806 2548 Novum
821 2485 995 2549 Castellum
1007 2484 1095 2571 quod
1103 2507 1198 2569 super
1201 2485 1304 2571 Tyne

168 2570 300 2633 fluvium
314 2570 409 2633 situm
425 2584 473 2635 est
488 2572 655 2656 pervenit3
679 2586 712 2635 et
727 2572 759 2634 in
775 2571 940 2671 cujusdam
955 2573 1052 2636 domo
1066 2571 1231 2657 municipis
1246 2595 1305 2637 no-

168 2658 253 2722 mine
271 2658 424 2735 Danielis,
440 2658 620 2759 hospitandi
636 2660 738 2743 gratia
752 2659 893 2724 divertit.
940 2660 1026 2724 Huic
1041 2672 1110 2725 erat
1124 2682 1207 2723 uxor
1221 2658 1306 2723 circa

168 2746 319 2846 frequens
339 2746 501 2831 hospitum
515 2746 722 2811 ministerium
744 2748 785 2812 ad
807 2746 939 2811 modum
954 2747 1072 2813 devota
1085 2747 1214 2826 femina,
1231 2770 1304 2835 quae
1403 2786 1406 2792 ·

168 2833 375 2898 diversorium
397 2835 557 2935 quoddam
580 2835 793 2900 aedificaverat
815 2858 968 2937 seorsum,
992 2836 1034 2901 ad
1056 2835 1217 2921 hospitum
1238 2860 1306 2900 sus-

168 2922 349 3008 ceptionem
364 2922 566 2988 conveniens.
612 2924 650 2987 ln
665 2946 730 3010 quo
745 2937 890 2988 taxatum
906 2924 1008 2987 virum
1023 2923 1255 3001 introduxerat,
1272 2938 1306 2989 et

169 3011 313 3075 manibus
331 3008 464 3096 propriis
480 3011 710 3076 exhibitionem
726 3034 756 3075 er
747 3011 1059 3076 administraverat.
1106 3010 1213 3076 Nocte
1227 3033 1305 3076 vero

169 3103 368 3196 insequente,
385 3099 466 3163 hora
479 3099 652 3163 tortionum
676 3099 848 3164 adveniens
870 3099 1018 3164 miserum
1033 3098 1195 3163 hominem
1210 3099 1305 3164 solito

169 3210 294 3272 gravius
310 3187 459 3289 angebat,
477 3200 510 3253 et
532 3210 599 3273 prae
615 3186 761 3290 angustia
780 3187 905 3272 spirittis
920 3188 1050 3252 clamori
1066 3186 1220 3251 acerrimo
1234 3188 1305 3251 nnl-

169 3277 232 3340 lam
248 3276 345 3341 dabat
367 3275 520 3362 requiem.
568 3276 693 3341 Uxor
685 3291 793 3363 ltaque
811 3275 964 3354 Danielis,
982 3276 1071 3360 cujus
1093 3287 1163 3339 e‘rat
1178 3275 1303 3355 domus,

169 3363 212 3427 ad
235 3386 322 3447 aegro
325 3376 444 3428 tantem
467 3364 606 3441 veniens,
631 3365 835 3450 benignoque
858 3387 932 3428 eum
958 3363 1124 3428 consolans
1150 3362 1302 3465 alloquio,

170 3450 301 3514 tandem
315 3451 425 3535 pannis
440 3452 587 3550 operuit3
610 3465 644 3515 et
662 3464 734 3537 post
722 3451 887 3516 tdiutinas
902 3450 1073 3552 molestias,
1090 3451 1144 3515 ille
1158 3452 1305 3537 mitigato

171 3538 282 3602 dolore
298 3537 435 3601 dormire
449 3538 558 3638 coepit.
607 3538 649 3602 Et
672 3562 746 3603 eece
768 3539 801 3601 in
816 3540 883 3603 visu
899 3538 998 3603 astitit
1021 3539 1051 3603 ei
1067 3539 1114 3602 vir
1128 3539 1233 3604 vultirs
1254 3562 1305 3606 re-

170 3625 312 3703 verendi,
330 3624 479 3689 dicens
452 3648 503 3689 e1·
530 3635 551 3666 ‘⁶
567 3625 624 3688 Vis
640 3627 860 3691 convalescere
884 3627 924 3691 de
946 3628 1009 3713 qua
1030 3627 1155 3691 laboras
1177 3627 1307 3711 aegritu·

170 3714 293 3780 dine?’'
341 3722 362 3754 ‘⁶
378 3713 494 3792 Volo,''
510 3712 622 3800 inquit,
641 3724 663 3755 ‘⁶
676 3714 817 3792 domine,
835 3728 868 3779 et
883 3715 1033 3780 ardenter
1047 3714 1224 3779 desideross'
1258 3718 1305 3781 At

169 3802 235 3867 ille.
267 3812 289 3843 “
299 3801 436 3887 Surgens
450 3824 556 3879 mane,
570 3824 706 3888 propera
720 3802 761 3867 ad
776 3803 928 3868 Sanctum
944 3803 1067 3903 Regem
1080 3815 1112 3867 et
1125 3802 1304 3890 Martyrem

174 3890 360 3993 Oswinum,·
365 3902 400 3953 ut
417 3889 511 3954 tertia
525 3890 604 3955 feria
618 3890 763 3975 proxima
781 3892 850 3977 eJ'us
865 3891 1015 3956 merearis
1029 3904 1182 3956 interesse
1191 3892 1306 3957 laven

170 3979 260 4057 tioni,
277 3993 309 4043 et
332 3978 398 4063 ejus
422 3977 542 4042 meritis
569 3977 646 4043 inibi
670 3991 791 4065 optatae
813 3978 988 4044 restitueris
1011 3979 1168 4043 sanitati”
1218 3980 1305 4044 Tum

171 4089 268 4151 aeger.
317 4067 433 4142 “Quis
460 4090 505 4144 es,
534 4066 672 4145 domine,
705 4067 760 4154 qui
789 4080 855 4132 tam
884 4069 970 4132 bona
998 4067 1075 4131 mihi
1100 4067 1305 4154 promitt1s9'

165 4165 194 4196 “‘
211 4153 299 4229 Quid
321 4155 363 4219 ad
385 4156 448 4233 te,’'
465 4153 586 4241 inquit,
610 4156 682 4219 “de
697 4157 777 4220 me?
801 4156 858 4220 sed
881 4156 962 4221 vade
984 4168 1018 4220 et
1041 4156 1136 4221 crede
1159 4169 1192 4220 et
1215 4179 1306 4221 sana-

170 4242 284 4307 ὶιειὶε.”
331 4252 353 4283 “
369 4243 490 4308 Osecro
513 4242 652 4322 domine,
677 4266 716 4307 ne
739 4242 913 4322 irascaris,”
936 4243 1048 4330 inquit,
1076 4243 1167 4308 “sed
1189 4267 1306 4309 nomen

173 4344 261 4395 tuum
277 4329 410 4409 insinua,
427 4342 463 4395 ut
482 4330 617 4395 nominis
633 4331 679 4394 tui
695 4331 885 4396 auctoritate
901 4331 941 4395 de
956 4331 1100 4417 promissi
1116 4354 1305 4416 praesumam

171 4419 361 4484 soliditate.”
415 4420 508 4483 Tune
533 4419 672 4497 tandem,
700 4420 809 4508 “Ego
838 4419 1082 4519 sum,”inquit,
1116 4429 1138 4459 ‘⁶
1154 4419 1304 4522 Aydanps

168 4508 329 4594 quondam
346 4506 455 4573 Sancti
480 4507 577 4593 Regis
594 4526 626 4573 et
652 4473 804 4594 Martyris
820 4508 943 4574 Oswini
966 4506 1122 4594 pontifex,
1140 4520 1173 4572 et
1189 4510 1256 4595 ejus
1272 4508 1303 4572 iu
