3142 5159
544 439 656 503 arms
684 437 906 503 personum.
1251 422 1301 488 53

148 600 207 669 vix
221 600 383 687 raptando⁴
395 602 592 681 conscendit.
640 602 726 667 Cum
739 613 853 667 autem
864 600 900 666 in
913 598 1015 667 altare
1029 598 1234 682 consisteret,
1247 598 1304 663 de·

148 689 260 769 bilitas
272 690 332 768 sibi
347 688 491 777 requiem
514 688 730 757 mendicabat.
776 687 926 765 Tandem
941 685 974 749 in
988 710 1023 753 se
1038 709 1193 764 reversus,
1217 686 1304 764 utrd-

147 800 215 863 que
237 799 336 855 manu
357 778 476 861 pallam
493 776 602 856 Sancti
620 775 772 863 Martyris
796 773 940 858 arripuit,
957 774 1167 861 manibusque
1182 772 1304 850 combi-

150 863 236 945 natis
258 864 375 943 fortius
399 864 547 941 elevavit,
577 862 723 939 attraxit,
753 875 789 925 nt
817 862 928 927 Sancti
957 861 1108 930 scrinium
1136 860 1303 937 decentius

149 951 304 1035 operiret.
351 951 441 1015 Dum
463 966 571 1029 autem
594 950 706 1017 annisu
729 948 863 1015 fortiore
886 949 1005 1033 pallam
1025 949 1184 1025 elevatam
1203 961 1304 1013 attra-

151 1038 255 1115 heret,
273 1060 315 1115 ert
327 1036 397 1123 ipso
412 1039 490 1112 flatu
506 1037 652 1115 denrissae
668 1037 763 1123 pallae
778 1035 868 1102 mirae
884 1036 1050 1112 suavitatis
1059 1034 1140 1100 odor
1155 1056 1302 1120 egressus

150 1138 214 1203 est,
231 1124 286 1211 qui
311 1146 369 1209 per
395 1148 431 1189 os
458 1138 490 1189 et
513 1146 606 1188 nares
622 1124 711 1188 illum
727 1124 859 1200 intrans,
878 1136 983 1187 totum
998 1144 1112 1207 corpus
1128 1124 1196 1207 ejus
1211 1120 1302 1207 quasi

151 1234 216 1288 ros,
234 1212 332 1275 immo
348 1212 422 1276 vere
446 1234 498 1276 ros
522 1212 579 1275 sed
602 1210 725 1273 divinus
743 1209 900 1285 irroravit,
925 1209 1092 1296 ipsumque
1114 1208 1303 1272 nrirabiliter

150 1297 289 1374 reiecit,
314 1300 361 1363 ita
375 1311 412 1365 ut
427 1320 495 1373 non¹
503 1298 644 1368 subitam
658 1295 830 1375 sanitatem
843 1308 1045 1384 agnosceret,
1063 1319 1121 1360 nec
1136 1296 1242 1369 adhuc
1254 1295 1302 1358 in-

151 1385 280 1449 firmum
296 1408 364 1449 esse
379 1386 522 1449 sentiret.
569 1385 613 1459 Et
628 1384 702 1469 apte
717 1384 793 1463 satis
808 1384 904 1452 bonae
913 1382 1028 1447 mentis
1044 1375 1191 1459 intentio,
1206 1381 1302 1447 tantis

153 1471 272 1536 meruit
296 1471 409 1536 donari
432 1471 617 1536 muneribus
631 1494 639 1547 ;
664 1494 736 1557 quae
752 1494 816 1533 non
832 1470 935 1534 fidens
950 1470 984 1533 in
1006 1470 1148 1547 homine,
1165 1469 1303 1533 nullate·

151 1580 215 1629 nus
227 1558 337 1643 posuit
358 1580 488 1637 caruem
509 1557 677 1635 brachium
689 1580 794 1634 auum,
810 1558 872 1635 sed
884 1556 1024 1642 speravit
1038 1555 1072 1621 in
1088 1555 1230 1626 Domino
1246 1554 1303 1642 qui

151 1644 186 1723 in
204 1645 331 1725 Sanctis
352 1645 479 1731 operari
500 1646 585 1723 mira
605 1667 671 1711 non
692 1643 820 1721 desinit.
869 1643 914 1707 Et
935 1666 1036 1729 quum
1057 1656 1127 1710 erat
1143 1642 1302 1721 Dominus

152 1731 276 1811 fiducia¹
287 1734 366 1818 ejus,
384 1732 532 1809 misertim
547 1745 597 1797 est
614 1730 704 1809 Deus
717 1732 811 1808 illius,
829 1732 876 1807 ob
886 1730 1100 1816 meritumque
1115 1732 1210 1804 bonae
1225 1730 1303 1799 fidei

154 1821 277 1897 Sancto
291 1842 350 1885 suo
366 1820 537 1900 concessit,
550 1831 586 1889 nt
604 1840 663 1885 rex
686 1818 822 1895 militem
844 1840 938 1882 suum
959 1840 1085 1904 aegrum
1097 1816 1301 1893 incolumem,

153 1928 216 1990 pru
237 1905 403 1990 stipendiis
425 1906 558 1984 militia,
576 1904 675 1971 celeri
694 1904 830 1977 sanitate
854 1904 989 1982 donaoet
1002 1928 1016 1989 ;ι
1035 1904 1068 1967 in
1090 1904 1181 1988 cnjus
1194 1915 1303 1982 tarmen

151 1992 334 2071 subtilitate
347 1992 495 2071 misterii„
508 2005 641 2077 operata
663 2003 713 2055 est
732 1991 893 2062 subtiliter
911 1992 1051 2066 mutatio
1062 1991 1212 2058 dexterae
1235 1991 1303 2055 Ex-

152 2078 242 2145 celsi.
289 2080 562 2165 Descendensqne
581 2080 627 2143 ab.
645 2078 740 2143 altari
755 2100 848 2142 novae
862 2078 974 2146 salutis
996 2078 1135 2155 nescius,
1149 2078 1300 2163 psalmos,

153 2188 235 2264 quos
262 2188 321 2249 pro
349 2166 502 2252 Martyris
525 2164 681 2251 obsequio
698 2164 874 2242 dimiserat,
890 2165 1030 2249 repetiit.
1076 2166 1202 2241 Locum
1217 2164 1303 2229 enim

154 2252 303 2335 signavit,
328 2275 403 2329 cum
426 2253 460 2327 in
489 2252 590 2329 altare
620 2252 865 2329 conscenderet·
928 2254 1012 2317 Cum
1036 2266 1144 2318 antem
1169 2254 1304 2332 eosdem

153 2340 298 2417 iteraret,
314 2338 457 2423 repperit
479 2362 513 2405 se
536 2360 606 2406 esse
627 2337 711 2404 inter
725 2339 784 2408 bos
800 2339 884 2402 duos
897 2339 1046 2423 psalmos,
1095 2343 1197 2423 Quum
1211 2344 1305 2422 bonus

154 2427 260 2493 Icrad
273 2429 372 2503 Deus,
390 2438 434 2503 et,
457 2428 499 2491 Ut
511 2428 590 2507 quid
602 2428 711 2503 Deua:
736 2426 885 2509 quatinus
904 2428 1004 2491 frater
1023 2426 1076 2490 ille
1098 2428 1302 2510 perpendens

155 2534 201 2587 err
222 2512 326 2582 salute
348 2513 511 2595 percepti,
528 2532 625 2596 quam
645 2510 749 2581 bonus
768 2510 858 2588 Deus
879 2512 979 2578 lsrael
997 2512 1095 2580 tuerit
1110 2514 1152 2590 ei,
1168 2513 1303 2591 ulterius

155 2612 309 2685 tanquam
321 2598 567 2683 inportunenon
577 2597 710 2673 diceret,
727 2599 802 2662 “Ut
814 2601 893 2679 pmii
904 2602 1143 2679 Deusffepaluti
1153 2603 1302 2682 inflareris,

156 2707 246 2763 meas
257 2684 378 2751 scilicet
392 2706 503 2769 preces
519 2705 581 2767 pro
593 2683 695 2749 salute
710 2684 813 2761 mei?
829 2681 931 2751 sciens
945 2706 1004 2768 per
1020 2685 1175 2770 Martyris
1188 2687 1305 2765 merita

158 2795 193 2839 se
209 2772 382 2837 efficaciter
396 2770 595 2843 exauditum.
639 2770 678 2845 ln
688 2792 724 2834 se
735 2792 812 2855 ergo
821 2792 978 2849 reversus,
992 2772 1213 2855 evangelicum
1222 2773 1304 2853 illud

158 2858 360 2935 memoravit,
378 2857 454 2945 quia
467 2858 580 2929 decem
602 2856 747 2933 mundati
767 2869 851 2934 sunt,
876 2881 949 2932 cnm
964 2858 1143 2942 alienigeni
1164 2860 1303 2938 rediens,

159 2946 235 3025 Deo
260 2958 293 3011 et
313 2946 436 3021 Sancto.
459 2946 527 3029 ejus
552 2943 720 3032 magnifice
743 2943 862 3028 gratias
888 2946 977 3033 egit:
1001 2945 1103 3013 etita
1125 2968 1199 3017 cum
1220 2961 1305 3026 esset

157 3033 262 3113 factus
287 3055 406 3117 sospes,
427 3031 563 3097 ulterius
587 3032 674 3106 nulla
696 3053 771 3095 eum
794 3030 936 3115 pristiam
956 3031 1145 3104 infirmitatis
1160 3032 1306 3111 molestia

155 3119 370 3195 contristavit.
430 3120 514 3184 Cum
537 3132 645 3184 autem
671 3131 744 3202 post
766 3118 905 3181 fratrum
916 3118 1123 3183 refectionem
1139 3118 1239 3183 frater
1253 3119 1306 3192 illa

82 3258 83 3263 ,
158 3207 318 3285 reficeret,
335 3206 438 3271 visum
453 3220 502 3269 est
517 3204 558 3283 ei,
576 3205 653 3291 qnia
666 3204 820 3291 quicquid
834 3204 888 3270 illo
903 3205 957 3269 die
972 3206 1172 3283 comedebat,
1189 3207 1306 3271 eodem

158 3293 257 3357 fuerit
283 3292 421 3357 mirabili
447 3292 628 3361 comecmm
651 3292 764 3357 odore.
815 3292 913 3370 Unde
935 3314 1004 3377 prae
1026 3292 1123 3358 nimia
1141 3292 1306 3357 suavitatis

158 3378 336 3462 fragrantia
349 3379 454 3443 laetior
469 3380 614 3455 effectus,
631 3395 761 3461 sumpto
776 3377 900 3442 avidius
912 3378 985 3444 cibo
997 3379 1171 3464 plurimum
1180 3380 1309 3445 confor-

160 3478 247 3527 tatus
270 3476 329 3527 est.
375 3466 452 3548 ipso
467 3478 574 3527 autem
590 3477 734 3547 tempore
758 3465 858 3529 frater
879 3465 965 3530 idem
980 3466 1074 3554 guttai
1087 3465 1226 3549 graviori
1242 3478 1309 3542 tor-

163 3551 325 3649 quebatur
339 3550 372 3614 in
387 3549 530 3625 renibus,
544 3549 674 3635 ipsaque
684 3549 911 3630 invalescente,
928 3552 1152 3636 supplicationi
1167 3552 1305 3630 letaniae,

161 3637 239 3701 hcet
256 3636 320 3713 vix,
338 3650 446 3700 tamen
459 3658 534 3710 cum
550 3634 700 3699 fratribus
717 3636 871 3701 interfuit.
925 3639 1113 3727 Dolensqne
1129 3638 1309 3710 Dominum

162 3740 196 3788 et
216 3724 370 3787 Sanctum
385 3723 452 3806 ejus
468 3724 660 3806 precabatur
675 3722 797 3799 dicens,
823 3733 845 3764 “
862 3725 981 3790 Sancte
1006 3726 1146 3803 Oswine,
1162 3726 1246 3791 bene
1262 3727 1309 3792 se-

162 3810 235 3875 oisti
260 3810 338 3876 mihi
364 3809 492 3873 redditis
515 3808 649 3894 pristina
671 3809 822 3887 sanitate3
845 3828 990 3895 superest
1007 3827 1116 3879 antem
1132 3826 1169 3877 ut
1184 3834 1222 3876 ea
1236 3836 1310 3899 quae

162 3898 247 3961 bene
273 3895 409 3981 coepisti,
431 3897 495 3961 fine
521 3897 680 3981 compleas
703 3898 851 3961 meliori:
875 3900 916 3963 ab
940 3899 1001 3973 hoc
1028 3923 1106 3983 ergo
1132 3899 1312 3966 imminenti

162 3984 276 4050 dolore
299 3984 400 4059 libera
422 4006 474 4047 me
498 3984 670 4061 Domine.''
717 3984 831 4060 Dixit3
855 3997 888 4050 et
910 3986 1149 4051 cumfratribus
1171 4009 1241 4053 sese
1256 3988 1312 4053 vix

163 4070 336 4155 prostravit
351 4069 392 4135 de
418 4070 529 4135 Sancti
552 4093 749 4155 praesumens
764 4071 897 4149 meritis,
914 4073 1210 4172 supplicationeque
1225 4097 1312 4139 com·

164 4156 253 4242 ptett
268 4155 416 4234 surrexit,
434 4169 467 4220 et
483 4157 571 4221 nulla
582 4157 614 4221 in
638 4180 671 4221 se
688 4157 830 4241 pristinae
846 4158 1038 4223 infirmitatis
1053 4160 1190 4245 vestigra
1202 4162 1311 4228 sensit.

169 4244 236 4321 Sed
250 4265 311 4307 nec
326 4242 440 4326 ipsum,
451 4256 488 4307 ut
502 4263 616 4327 postea
630 4257 827 4327 protestatus
841 4256 902 4320 est,
915 4244 970 4320 illa
984 4246 1145 4331 aegritudo
1159 4245 1193 4309 in
1204 4246 1312 4332 aliquo

162 4328 376 4407 contristavit,
392 4352 452 4406 nec
468 4329 638 4416 quicquam
660 4330 818 4396 molestiae
840 4331 959 4395 intulit.
1009 4334 1039 4399 Ο
1062 4333 1222 4398 medicum
1245 4334 1313 4400 sold

164 4416 260 4497 bonae
276 4416 390 4495 mentis
405 4415 582 4485 intentione
597 4416 769 4498 devictum,
781 4417 837 4504 qui
852 4440 911 4502 pro
928 4414 1027 4485 tante
1042 4418 1206 4506 parvitatis
1218 4420 1312 4486 obse-
