3142 5159
561 476 673 527 uuors
701 475 923 525 uuruouuu.
1298 456 1323 520 5

165 639 355 719 excederet,
373 638 463 727 quasi
487 639 589 703 filium
613 638 811 722 corriperet3
829 659 912 700 nunc
936 635 967 699 in
989 636 1085 699 rebus
1105 634 1320 719 spiritualibus

166 752 357 813 suspensum
372 728 462 815 quasi
485 730 607 795 socium
622 748 809 790 sermonum
824 723 995 790 dulcedine
1011 723 1136 787 foveret
1153 737 1186 786 et
1207 744 1321 785 acceu-

168 817 274 881 deret.

169 1079 270 1142 CAP.
294 1079 342 1142 II.
350 1114 382 1127 ·-
391 1080 534 1156 Qualiter
548 1078 620 1139 Rea
631 1077 766 1141 Sanctus
786 1072 808 1137 d
827 1075 938 1139 Soacto
953 1072 1086 1153 Aydano
1101 1076 1242 1154 episeopo
1254 1092 1322 1134 eor-

256 1175 369 1247 reptas,
385 1167 479 1229 verba
494 1167 579 1227 illias
595 1168 627 1225 in
641 1166 730 1227 corde
745 1183 800 1225 arro
813 1182 1007 1235 emisercans,
1024 1163 1211 1241 ira-spiritum
1222 1161 1323 1222 harni-

254 1256 352 1317 litatis
366 1262 436 1315 nate
447 1254 541 1333 pedes
556 1252 622 1331 ejus
636 1252 700 1313 solo
715 1250 921 1329 renasjaaeit,
937 1255 973 1310 ut
984 1252 1106 1311 verrium
1119 1255 1295 1309 mereretur.

215 1427 323 1489 Vitam
340 1447 477 1511 namque
493 1446 583 1487 suam
599 1422 685 1487 omui
702 1422 858 1485 virtutum
870 1420 1040 1484 honestate
1054 1442 1115 1483 rex
1129 1418 1322 1482 informave-

166 1528 228 1590 rat,
247 1526 280 1577 et
296 1536 369 1599 quae
389 1512 422 1575 in
436 1510 630 1597 pauperibus
647 1533 729 1587 rara,
747 1509 780 1571 in
797 1507 949 1572 divitibus
966 1530 1041 1571 vero
1057 1507 1146 1570 nulla
1160 1529 1229 1570 esse
1245 1528 1322 1569 con-

167 1600 271 1665 suevit
287 1600 459 1675 humilitas,
477 1599 509 1661 in
526 1598 623 1681 regiae
639 1597 754 1660 mentis
770 1595 927 1680 penetrali
944 1594 1141 1658 domicilium
1156 1594 1215 1657 sibi
1230 1616 1321 1657 sanc-

164 1687 279 1749 cierat.
338 1687 404 1750 Sed
430 1698 584 1771 quantum
610 1684 772 1747 humilitas
800 1681 942 1746 omnium
970 1680 1122 1745 virtutum
1153 1695 1257 1744 mater
1287 1694 1320 1745 et

167 1774 412 1837 fundamentum
431 1796 501 1837 esse
521 1770 735 1855 cognoscitur,
760 1768 935 1832 dicendum
954 1781 1003 1833 est
1022 1769 1112 1852 cujus
1131 1767 1319 1831 humilitatis

168 1860 216 1923 uir
232 1860 291 1924 iste
307 1860 415 1937 fuerit,
429 1858 483 1946 qui
501 1871 549 1922 tot
564 1858 596 1921 in
612 1880 645 1920 se
662 1856 797 1921 virtutes
812 1855 963 1919 habuisse
975 1854 1102 1919 dicitur.
1151 1854 1217 1927 Qui
1233 1854 1318 1919 enim

166 1947 235 2010 sine
259 1947 441 2011 humilitate
466 1946 600 2009 virtutes
627 1956 815 2028 congregat,
838 1941 928 2029 quasi
950 1942 982 2005 in
1005 1956 1138 2006 ventum
1152 1942 1320 2025 pulverem

165 2048 286 2119 portat.
335 2034 412 2119 Ejus
424 2033 522 2118 igitur
537 2032 621 2096 inter
635 2044 769 2095 caeteras
782 2030 908 2094 virtutis
924 2042 957 2094 et
972 2031 1152 2106 modestiae,
1165 2042 1209 2105 et,
1224 2041 1259 2091 ut
1275 2028 1322 2093 ita

166 2123 282 2198 dicam,
297 2120 441 2205 specialis
456 2116 688 2184 benedictionis
704 2118 832 2203 glorias,
847 2114 945 2181 etiam
957 2116 1097 2180 maxima
1108 2116 1211 2180 fertur
1221 2114 1319 2180 fuisse

167 2208 338 2285 humilitas,
356 2222 393 2272 ut
412 2230 477 2272 uno
497 2208 634 2291 probare
649 2218 698 2269 sat
715 2205 774 2270 erit
791 2206 953 2290 exemplo.
999 2204 1198 2280 Donaverat,
1216 2202 1320 2288 inquit

171 2295 370 2360 Venerabilis
404 2294 506 2358 Baeda
534 2295 713 2380 presbyter,
743 2294 878 2357 Sanctus
905 2293 980 2356 Rex
1007 2291 1153 2355 Oswinus
1184 2290 1320 2355 autistiti

170 2384 308 2468 Aydano
328 2406 446 2468 equum
466 2382 633 2467 optimum,
650 2381 764 2467 inquo
783 2380 837 2445 ille
854 2379 998 2467 quamuis
1014 2379 1177 2442 ambulare
1193 2378 1317 2456 solitus,

167 2470 219 2533 vel
238 2469 379 2533 amnium
399 2470 521 2533 fluenta
543 2468 688 2544 transire,
705 2467 756 2531 vel
779 2467 806 2530 si
828 2468 936 2553 aliqua
957 2465 1129 2528 necessitas
1144 2464 1317 2544 insisteret,

166 2557 251 2619 viam
266 2579 421 2643 peragere
437 2570 556 2639 posset.
606 2554 668 2619 Cui
681 2576 754 2617 cum
766 2576 867 2637 parvo
883 2553 1053 2635 interjecto
1069 2565 1226 2633 ternpore,
1240 2574 1320 2635 pau·

165 2666 225 2727 per
241 2643 371 2729 quidam
391 2641 597 2705 elemosinam
617 2652 732 2725 petens
748 2652 943 2717 occurreret,
961 2637 1109 2702 desiliens
1123 2637 1178 2701 ille
1196 2660 1320 2723 praeee-

165 2730 214 2813 pit
239 2752 356 2815 equum
384 2731 427 2792 ita
456 2742 491 2791 ut
518 2740 586 2791 erat
610 2741 727 2791 stratus
750 2726 912 2811 regaliter,
937 2725 1070 2811 pauperi
1093 2726 1182 2789 dare.
1239 2725 1319 2789 Erat

166 2816 252 2879 enim
268 2816 405 2880 multum
424 2815 601 2879 misericors
617 2828 651 2879 et
670 2815 776 2878 cultor
790 2836 978 2899 pauperum,
996 2835 1033 2876 ac
1048 2813 1138 2876 velut
1153 2826 1246 2898 pater
1261 2814 1320 2877 mi-

164 2926 322 2967 serorum.
371 2903 444 2966 Hoc
467 2925 540 2965 cum
563 2914 647 2966 esset
662 2901 731 2985 regi
751 2903 900 2978 relatum,
918 2900 1047 2965 ‹hcebat
1065 2899 1227 2984 episcopo,
1245 2924 1320 2964 curn

165 2988 248 3054 forte
264 2991 317 3054 die
327 2990 464 3075 quidam
481 2989 650 3073 ingressuri
666 3001 769 3053 essent
782 2990 823 3053 ad
838 2987 1019 3073 prandium,
1039 2996 1061 3027 “
1078 2987 1167 3061 Quid
1178 2988 1318 3066 voluisti,

164 3077 295 3143 domine
311 3078 462 3155 antisteS,
489 3099 608 3162 equum
630 3099 667 3140 re
690 3076 756 3139 ium
781 3098 877 3163 quern
902 3089 935 3139 te
959 3073 1172 3138 conveniebat
1198 3074 1318 3141 habere

164 3164 342 3249 propr-ium,
360 3164 493 3249 pauperi
516 3165 622 3229 dare?
704 3186 757 3227 um
781 3163 859 3250 quid
882 3185 947 3226 non
968 3160 1137 3226 habuimus
1156 3185 1255 3248 equos
1271 3165 1319 3225 vi-

165 3252 261 3315 liores
276 3251 439 3336 plurimos,
457 3252 509 3315 vel
525 3251 600 3315 alias
617 3249 738 3335 species
754 3274 827 3338 quae
843 3250 886 3314 ad
900 3271 1078 3334 pauperum
1092 3248 1178 3313 dona
1193 3250 1318 3314 suffice-

164 3350 248 3415 rent,
265 3339 408 3424 quamvis
422 3339 513 3401 illurn
528 3338 559 3401 ei
573 3361 639 3401 non
654 3338 758 3415 dares,
776 3360 872 3423 quem
885 3336 943 3400 tibi
958 3336 1139 3420 specialiter
1153 3336 1319 3421 possiden-

164 3426 244 3487 dum
267 3426 350 3510 elegi
361 3428 397 3490 i”
436 3424 498 3489 Cui
522 3425 629 3489 statim
654 3424 844 3509 episcopus3
870 3434 892 3464 “
907 3423 996 3496 Quid
1022 3423 1183 3509 ·loqueris'’'
1208 3423 1318 3511 iuquit

169 3514 289 3575 “rexi
312 3534 389 3574 num
412 3511 469 3574 tibi
493 3512 596 3575 carior
619 3526 667 3575 est
692 3512 744 3575 ille
767 3512 851 3574 lilius
875 3533 967 3596 equae
991 3533 1086 3596 quam
1101 3510 1185 3574 filius
1203 3511 1267 3575 Dei
1279 3514 1315 3576 ?”

170 3597 296 3670 Quibus
320 3597 424 3674 dictis,
442 3598 604 3661 intrabant
619 3598 661 3661 ud
676 3598 856 3682 prandium,
874 3613 908 3661 et
924 3596 1091 3681 episcopus
1107 3597 1248 3683 quidem,
1265 3622 1317 3663 re-

151 3685 292 3748 sidebat
315 3684 348 3747 in
371 3685 443 3747 loco
467 3707 535 3747 suo.
585 3684 687 3748 Porro
710 3707 769 3747 rex
792 3696 925 3748 venerat
948 3684 990 3747 de
1014 3698 1144 3762 venatu,
1161 3697 1194 3749 et
1216 3686 1316 3770 coepit

164 3770 341 3835 consistens
368 3772 409 3835 ad
436 3771 544 3835 focum
570 3771 706 3835 calefieri
730 3795 804 3835 eum
830 3770 991 3849 ministris,
1017 3786 1050 3835 et
1071 3773 1210 3855 repente
1232 3772 1316 3837 inter

162 3857 418 3924 calefaciendum
440 3859 610 3923 recordans
637 3860 771 3922 verbum
797 3858 885 3945 quod
908 3858 1037 3922 dixerat
1067 3859 1112 3922 illi
1136 3859 1314 3945 episcopus,

163 3946 316 4009 discinxit
330 3970 365 4011 se
380 3946 489 4031 gladio
504 3962 538 4010 et
549 3946 644 4009 dedit
658 3946 747 4009 illum
760 3946 915 4023 ministro,
932 3943 1131 4031 festinusque
1147 3948 1314 4025 accedens,

165 4045 241 4097 ante
267 4034 366 4116 pedes
391 4032 531 4119 episcopi
559 4032 690 4109 corruit,
711 4034 876 4117 postulans
904 4045 939 4095 ut
965 4033 1026 4096 sibi
1050 4033 1193 4117 placatus
1218 4049 1314 4110 esset,

169 4129 191 4159 ‘⁶
202 4119 277 4204 quia
292 4123 472 4206 uunquam''
489 4120 593 4206 iuquit
615 4119 800 4204 “deinceps
816 4119 930 4205 loquar
945 4120 1062 4183 dehoc
1078 4133 1134 4184 ant
1147 4121 1314 4204 judicabo,

166 4206 244 4293 quid
259 4218 315 4269 ant
331 4220 484 4292 quantum
502 4208 543 4271 de
559 4205 693 4291 pecu-nih
714 4207 822 4270 nostri
841 4206 912 4270 filiis
933 4206 998 4270 Dei
1018 4205 1168 4271 tribuas‚’'
1217 4208 1318 4281 Quod

166 4293 277 4357 videns
298 4292 465 4378 episcopus
485 4293 621 4357 multum
640 4293 816 4378 pertimuit,
834 4316 871 4357 ac
891 4292 999 4356 statim
1018 4316 1179 4378 exurgens
1198 4294 1318 4358 levavit

162 4403 250 4457 eum,
268 4380 459 4464 promittens
479 4405 512 4445 se
533 4381 670 4445 multum
694 4380 738 4444 illi
761 4404 829 4445 esse
853 4381 1026 4465 placatum,
1051 4381 1127 4443 dum
1151 4382 1248 4444 modo
1265 4382 1317 4457 ille

163 4467 307 4533 residens
324 4468 366 4533 ad
387 4469 497 4553 epulas
514 4467 676 4533 tristitiam
692 4468 886 4551 deponeret3
904 4491 1041 4554 eumque
1058 4491 1115 4531 rex
1127 4470 1266 4554 jubente
1283 4493 1320 4534 ac

707 4577 731 4617 u
745 4560 766 4617 3
