3142 5159
548 480 687 532 sxucrr
716 478 953 535 curnunrrrr.
1275 459 1322 543 69

170 646 332 713 confoveri
357 646 445 712 secit.
491 648 622 712 Interea
636 648 719 732 regis
736 660 839 712 mater
858 647 891 711 in
907 646 1137 712 monasterium
1150 646 1321 735 virginum,

169 736 317 801 omnibus
333 758 393 821 pro
415 734 480 799 Dei
495 757 596 824 regno
611 736 808 822 postpositis,
836 758 905 801 sese
930 737 1149 813 concluserat3
1173 736 1228 799 ubi
1253 736 1323 801 Do·

169 825 257 889 mino
283 824 483 911 frequentius
513 846 657 909 praecum
693 836 726 888 et
759 823 961 889 lacrimarum
991 824 1110 888 hostias
1137 823 1323 889 immolavit.

170 913 281 999 Hujus
298 911 483 977 monasterii
497 912 644 976 custodia
660 924 693 976 et
702 934 780 976 cura
791 934 874 977 unus
888 912 1066 999 Episcopus
1079 927 1157 978 tunc
1169 911 1324 1000 temporis

169 1000 424 1077 administrabat,
436 1014 469 1063 et
483 1015 547 1064 tam
561 1000 672 1065 intima
684 1024 779 1087 quarn
793 1002 955 1065 exteriora
964 1001 1099 1085 negocia
1107 1002 1323 1087 dispensabat.

173 1089 275 1176 Cujus
305 1088 439 1173 imperio
464 1087 602 1173 virgines
630 1088 661 1150 in
684 1088 833 1153 omnibus
863 1089 1070 1168 obediebant,
1099 1090 1195 1154 etad
1224 1091 1324 1176 ipsius

170 1192 286 1241 nutum
296 1178 404 1241 omnia
416 1176 600 1241 monasterii
610 1176 713 1242 officia
729 1178 927 1263 pendebant.
978 1178 1081 1262 Super
1095 1177 1203 1241 omnia
1216 1194 1324 1243 tamen

173 1264 338 1350 Episcopo
351 1267 450 1353 regiae
463 1278 620 1328 matronae
630 1265 780 1353 religiosa
793 1268 997 1330 conversacio
1007 1265 1239 1350 complacebat,
1251 1290 1325 1353 quae

170 1353 257 1416 illam
273 1366 381 1417 mente
397 1353 532 1438 amplius
548 1375 643 1438 quam
666 1376 802 1437 corpore
818 1354 1002 1421 decorabat.
1051 1354 1141 1417 Hinc
1166 1374 1244 1439 ergo
1264 1355 1325 1418 fuit

170 1441 258 1529 quod
274 1441 450 1527 predictam
467 1441 607 1526 puellam
634 1442 745 1528 regina
769 1445 803 1505 in
828 1465 885 1506 sua
909 1442 1057 1506 custodia
1077 1441 1201 1519 habuit,
1229 1443 1325 1506 etad

170 1528 298 1593 libitum
314 1532 480 1616 utriusque
496 1552 632 1615 quaeque
658 1530 861 1594 delectabilia
885 1530 1016 1615 adipisci
1046 1530 1234 1614 promeruit.
1281 1531 1326 1594 Et

171 1616 248 1703 quia
270 1629 387 1681 natura
402 1640 474 1681 suas
490 1618 578 1700 leges
595 1620 759 1701 praeterire
774 1641 839 1681 non
855 1617 970 1700 potuit,
995 1640 1112 1681 novem
1126 1620 1196 1703 jam
1210 1617 1326 1682 mensi-

171 1706 231 1768 bus
248 1706 379 1783 exactis,
407 1705 517 1791 puella
533 1704 665 1769 ulterius
696 1707 811 1769 foetum
835 1707 1035 1773 celarenon
1065 1707 1177 1774 valuit.
1226 1706 1327 1771 Unde

171 1792 346 1857 secundum
374 1806 499 1878 tempus
523 1808 648 1858 naturae
675 1794 896 1881 conceptionis
918 1794 1040 1860 foetum.
1050 1792 1161 1873 edidit,
1180 1801 1212 1858 et
1229 1792 1325 1857 virilis

174 1904 273 1949 sexus
288 1903 423 1969 puerum
438 1882 620 1967 parturivit.

631 2196 747 2277 [our.
776 2195 869 2282 Vm]

222 2422 288 2489 Sed
315 2424 412 2487 modo
439 2424 481 2488 ad
507 2426 635 2511 majoris
666 2425 891 2489 admiracionis
917 2423 1072 2513 gaudium
1102 2426 1326 2512 perveniauus.

177 2512 263 2577 Nam
277 2511 309 2573 in
326 2513 415 2576 cunis
432 2513 533 2577 infans
551 2515 620 2598 jam
637 2526 730 2577 natus
746 2514 922 2577 collocatus
939 2527 987 2576 est
1001 2536 1009 2587 ;
1035 2526 1206 2600 tantusque
1222 2514 1329 2597 fulgor

175 2600 329 2665 claritatis
345 2623 475 2664 omnem
502 2602 607 2665 locum
624 2602 726 2687 ipsum
751 2600 1017 2679 circumdederat,
1042 2601 1130 2687 quod
1156 2624 1224 2686 prae
1251 2602 1329 2665 lucis

175 2687 284 2752 nimiae
300 2688 471 2772 splendore
487 2691 541 2753 vix
557 2690 725 2777 quisquam
740 2689 862 2776 aliquid
878 2689 995 2753 intueri
1011 2688 1211 2773 praevaleret.
1243 2689 1330 2753 Nam

175 2776 287 2841 vIcinis
303 2778 492 2865 quibusque,
511 2792 543 2842 et
559 2802 649 2843 secus
662 2778 785 2863 positiS,
800 2792 867 2842 tota
879 2777 992 2841 domus
1005 2778 1180 2862 putabatur
1195 2778 1330 2842 flammis

175 2864 311 2930 absumi.
360 2866 542 2934 Accurrunt
552 2868 660 2954 itaque
674 2868 804 2954 quique,
818 2879 854 2929 ut
867 2866 957 2950 ignes
967 2865 1080 2930 edaces
1091 2866 1330 2951 extinguerent3

176 2954 234 3017 sed
250 2954 327 3019 illuc
342 2953 572 3039 pervenientes,
591 2970 623 3019 et
639 2978 708 3019 rem
730 2953 916 3038 diligentius
933 2965 1134 3031 contuenteS,
1158 2953 1269 3017 omnia
1283 2954 1332 3017 in-

177 3054 270 3127 tegra
286 3056 318 3106 et
333 3043 374 3106 ab
390 3042 463 3125 igne
476 3041 566 3108 illesa
581 3045 781 3107 invenerunt.
821 3042 872 3105 Eo
888 3056 1033 3125 tempore
1050 3041 1228 3127 Episcopus
1244 3041 1332 3105 solus

176 3129 313 3212 pervigil
329 3130 363 3194 in
385 3133 529 3195 oratione
558 3130 753 3208 substiterat,
778 3142 813 3192 et
836 3129 867 3191 in
881 3130 1024 3192 oratorio
1040 3151 1166 3215 pernox
1182 3128 1333 3194 orationi.

176 3216 238 3283 bus
263 3218 387 3283 devotis
413 3240 446 3283 se
467 3242 562 3305 supra
590 3244 623 3285 se
653 3219 811 3284 elevabat.
868 3216 932 3280 Dei
955 3218 1054 3305 igitur
1075 3217 1269 3282 revelatione
1293 3216 1335 3281 de

177 3307 272 3393 pueri
301 3306 466 3372 nativitate
498 3309 724 3386 commonituS,
762 3319 796 3371 et
836 3305 963 3368 luminis
992 3307 1154 3390 repentini
1188 3304 1335 3371 admirali

179 3400 259 3479 [sic]
286 3394 431 3459 claritate
446 3397 603 3479 perfusus,
630 3396 737 3460 statim
762 3396 803 3459 de
830 3395 1025 3457 monasterio
1041 3393 1265 3482 progreditur3
1290 3405 1333 3470 et,

178 3481 257 3567 quid
268 3482 426 3546 Dominus
443 3486 518 3547 novi
535 3508 632 3570 super
648 3498 765 3548 terram
778 3484 979 3559 ostendisset,
991 3483 1086 3545 anxie
1096 3493 1335 3567 percunctatur.

182 3569 370 3658 Vidensque
400 3572 475 3657 quia
490 3571 605 3636 domus
635 3584 705 3636 tota
733 3571 862 3659 ignibus
877 3567 1106 3652 conflagrabat,
1137 3591 1197 3632 nec
1228 3580 1337 3633 tamen

180 3657 350 3745 ignivomis
368 3661 540 3744 vaporibus
556 3662 708 3744 absorpta
725 3661 755 3721 in
772 3659 879 3745 aliquo
895 3657 961 3720 lesa
973 3658 1142 3742 deperiret,
1159 3678 1220 3742 pro
1236 3669 1336 3719 tantae

180 3745 331 3809 novitatis
347 3746 501 3811 miraculo
518 3749 629 3813 laudes
646 3748 791 3812 Domino
809 3746 1015 3832 jubilacionis
1032 3743 1181 3808 exsolvit.
1228 3742 1337 3807 Nichil

183 3846 290 3897 tamen
306 3857 427 3898 novum
443 3838 530 3921 quod
552 3839 585 3900 in
601 3838 714 3922 spiritu
739 3846 882 3899 senserat
897 3832 1103 3920 promulgare
1119 3832 1169 3896 vel
1186 3832 1339 3919 detegere

183 3921 243 3985 sub
259 3920 466 3987 festinacione
479 3923 614 3989 volebat.
662 3923 761 3989 Unde
772 3947 850 3987 mox
861 3923 901 3986 ad
912 3944 1020 4009 regem
1033 3919 1179 3985 clanculo
1192 3919 1337 3996 accessit,

183 4022 216 4075 et
238 4008 330 4091 pueri
345 4032 447 4095 nuper
461 4011 495 4075 in
511 4036 613 4101 regno
625 4011 724 4099 ipsius
739 4014 807 4075 nati
822 4010 1037 4094 adopcionem
1053 4007 1122 4073 dari
1138 4006 1198 4072 sibi
1214 4020 1247 4071 et
1263 4007 1340 4072 edu-

184 4096 347 4162 cacionem
374 4099 519 4185 promitti
545 4102 642 4185 peciit
670 4112 702 4164 et
727 4102 862 4185 accepit.
910 4096 1018 4161 Nichil
1043 4120 1174 4182 prorsus
1190 4094 1340 4182 cuiquam

185 4206 228 4249 ex
242 4184 303 4248 hiis
315 4189 474 4271 aperiens,
503 4188 604 4273 magis
620 4187 743 4253 studuit
757 4187 871 4251 divinis
887 4207 998 4271 parere
1014 4184 1152 4249 consiliis
1176 4205 1272 4270 quam
1288 4204 1341 4244 su·

185 4270 270 4357 peris
286 4277 445 4339 contraire
461 4278 629 4342 mandatis.
680 4276 797 4339 Secum
813 4290 920 4340 tamen
935 4287 1052 4338 cuncta
1067 4269 1250 4337 meditando
1266 4290 1341 4352 per-

186 4372 338 4438 tractans,
352 4362 460 4427 statim
475 4365 619 4449 reginam
639 4362 792 4428 secretius
815 4363 903 4441 adiit,
928 4376 960 4427 et
975 4359 1086 4427 durius
1114 4354 1340 4446 conquerendo

188 4467 262 4534 quae
277 4447 403 4515 viderat
417 4464 532 4518 cuncta
554 4450 703 4518 retexuit.
