3142 5159
652 404 888 501 curarum.

322 608 498 699 Decipulas
509 609 608 689 mille,
624 609 740 698 quibus
754 610 856 676 hostis
867 610 990 698 decipit
1003 610 1067 690 ille,

324 702 426 767 Plane
443 698 620 785 paudebas,
637 699 813 785 pandendo
827 720 941 765 carere
956 700 1094 767 docebas
1109 723 1117 762 ε

324 789 460 865 Dicens,
476 787 527 853 his
542 786 620 851 loris
635 786 781 873 capietur
795 786 902 853 nudus
917 788 1058 866 amoris3

326 878 402 952 Quo
418 874 474 963 qui
489 876 645 954 firmatur,
663 887 839 962 sanctaque
853 876 919 941 fide
933 876 1091 943 solidatur
1099 903 1108 955 3

324 964 425 1030 Liber
440 964 600 1041 transibit,
614 963 745 1029 retineri
760 963 875 1029 fraude
890 965 1045 1051 nequibit.

327 1054 428 1129 Quot,
445 1051 612 1139 quantisve
623 1049 712 1116 malis
727 1074 780 1117 me
795 1052 842 1115 vis
857 1052 925 1116 fera
941 1052 1140 1120 daemonialis

325 1140 462 1205 Laedere
474 1140 662 1226 temptabat,
679 1138 828 1226 quotiens
843 1139 884 1205 de
892 1162 974 1225 rupe
988 1141 1127 1220 rotabat,

327 1229 477 1315 Saxaque
487 1228 641 1315 jactabat,
653 1230 845 1315 jactansque
859 1239 976 1294 necare
988 1229 1142 1315 parabatz

327 1316 392 1382 Sed
408 1338 467 1381 nec
478 1316 627 1393 laedebat,
641 1336 699 1379 neo
714 1315 879 1381 deterrere
893 1316 1034 1386 valebat.

328 1405 465 1469 Sanctus
481 1426 572 1468 amor
587 1402 669 1468 tanti
684 1401 834 1491 cuiquam
849 1404 992 1490 persistit
1006 1404 1141 1482 amanti3

328 1490 424 1557 Pellit
437 1492 536 1557 corde
551 1503 682 1569 metum,
696 1513 887 1579 semperque
902 1492 959 1558 dat
970 1515 1038 1559 esse
1053 1494 1209 1581 quietum.

326 1580 377 1645 Ne
390 1603 452 1659 me,
469 1592 578 1644 sancte
586 1592 688 1664 pater,
705 1578 838 1644 deludat
853 1578 981 1664 spiritus
996 1581 1078 1659 ater,

326 1667 417 1733 Assis
429 1668 567 1755 adjutor,
585 1688 772 1753 semperque
788 1689 848 1751 per
863 1668 972 1731 omnia
982 1681 1089 1744 tutor3

330 1756 394 1821 Fac
410 1769 446 1820 ut
460 1778 564 1819 amem
579 1754 756 1832 Christum,
773 1754 829 1842 qui
844 1768 990 1820 conterat
1001 1778 1096 1820 omne
1111 1756 1274 1822 sinistrum
1290 1780 1299 1832 ;

330 1844 461 1930 Simque
476 1843 541 1907 fide
557 1844 661 1920 fortis,
680 1843 809 1907 devicto
821 1840 965 1927 principe
982 1843 1104 1909 mortis.v

327 1932 394 1997 Fac
406 1955 457 1995 me
473 1953 567 2016 posse
582 1929 682 2018 sequi,
692 1952 765 2017 quae
778 1944 853 1995 sunt
867 1929 955 1994 bona
964 1932 1046 2017 juris
1062 1946 1095 1997 et
1108 1932 1193 2021 aequi
1206 1958 1214 2010 ;

327 2020 378 2085 Te
394 2041 510 2107 sequar
525 2041 566 2083 ex
580 2036 656 2083 voto
672 2040 805 2103 prorsus
822 2031 952 2102 torpore
968 2037 1112 2097 remot03

329 2108 492 2195 Hancque
503 2106 645 2171 tenendo
660 2106 745 2170 viam
758 2126 883 2186 merear
898 2120 972 2191 post
987 2108 1101 2173 lunera
1116 2108 1215 2175 vitam

330 2196 378 2264 Ut
392 2218 451 2283 per
466 2208 499 2261 te
522 2210 627 2261 tecum
644 2192 721 2260 felix
737 2194 880 2259 collocer
895 2193 928 2259 in
943 2218 1058 2267 aevum.

284 2536 399 2621 [CAP.
419 2536 713 2620 XXIIJq-Quou
726 2537 850 2622 AElfled
863 2538 1020 2601 abbatissa
1034 2546 1063 2601 et
1076 2538 1142 2620 ey'ua
1150 2542 1260 2621 puello

510 2647 571 2709 per
586 2628 671 2691 illius
685 2646 799 2689 zonam
813 2628 878 2689 sint
891 2633 1016 2689 curotae.

330 2856 458 2938 Corpus
474 2872 583 2937 pressa
597 2849 699 2929 malie,
712 2848 836 2915 AElssed
848 2848 1109 2927 sanctimonialis,

332 2943 427 3007 Curis
443 2939 607 3004 nullorum
624 2951 751 3025 poterat
766 2939 855 3001 refici
872 2937 1082 3002 medicorum.

331 3030 363 3095 Ο
381 3028 562 3094 Cuthberte
580 3048 669 3091 sacer
682 3024 692 3089 l
716 3039 772 3090 tua
788 3048 921 3089 munera
935 3026 983 3088 vis
998 3025 1081 3109 fugit
1091 3048 1183 3101 acer3

332 3120 438 3194 Quam
449 3130 485 3181 tu
500 3114 623 3193 misisti,
640 3136 721 3179 zona
736 3114 886 3178 morbum
902 3113 1071 3199 pepulisti:

334 3208 408 3279 Qua
423 3226 458 3269 se
474 3205 663 3291 succingens
675 3203 823 3267 meritum
837 3215 970 3267 sanatur
980 3202 1024 3267 ob
1038 3203 1164 3291 ingens.

330 3296 495 3379 Tempore
511 3305 586 3377 post
601 3290 729 3355 modico
741 3290 916 3375 languebat
928 3305 960 3356 et
970 3290 1074 3356 altera
1090 3289 1191 3379 virgo,

333 3383 422 3447 Pane
438 3394 550 3444 coacta
566 3380 658 3456 mori,
676 3378 790 3464 capitis
802 3401 971 3464 suppressa
987 3378 1112 3443 dolori:
1218 3417 1219 3422 κ

333 3469 399 3537 Sed
416 3468 514 3533 virtus
527 3467 652 3532 cladem
664 3488 747 3529 zona
762 3466 895 3550 depellit
910 3466 1023 3530 eadem
1032 3490 1041 3541 3

331 3558 418 3623 Nam
433 3578 512 3620 mox
527 3565 666 3631 sanatur,
685 3566 719 3617 ut
735 3555 766 3618 ei
777 3568 875 3639 caput
890 3552 964 3617 inde
980 3553 1106 3641 ligatur.

333 3646 397 3714 Sed
409 3644 535 3722 mirum,
552 3664 637 3707 zona
651 3657 726 3728 post
737 3642 892 3705 virtutum
907 3641 974 3705 duo
986 3641 1072 3727 dona

334 3734 412 3798 Non
428 3734 474 3797 ibi
490 3754 555 3796 non
567 3753 702 3818 usquam
718 3728 852 3815 reperiri
868 3730 1016 3816 quiverat
1032 3751 1183 3817 unquam.

333 3824 397 3901 Tu,
416 3820 478 3907 pie,
490 3834 534 3897 tu,
549 3833 648 3896 tante,
665 3819 787 3904 pietate
801 3832 857 3882 tua
872 3816 1064 3894 medicante,

334 3910 437 3975 Aufer
447 3909 650 3997 languorem,
669 3930 707 3972 ne
723 3907 795 3971 dira
810 3922 914 3972 morte
930 3906 1084 3985 laborem,

337 3998 451 4083 Culpae
470 3996 658 4080 languorem
676 3995 885 4083 languoribus
901 3994 1109 4080 asperiorem.

336 4086 415 4150 Heu
431 4099 636 4171 peccatorum
653 4104 749 4169 quam
765 4105 883 4167 magna
896 4083 1039 4169 gravedo
1054 4078 1216 4147 meorum!

335 4173 391 4239 Nil
407 4173 522 4238 animae
536 4169 665 4257 gravius
681 4192 777 4257 quam
793 4171 919 4235 sarcina
933 4170 1087 4256 ponderis
1103 4171 1215 4255 hujus:

338 4261 507 4326 Adiaben
524 4259 637 4348 vergit,
651 4260 783 4322 miseros
796 4259 830 4322 in
846 4270 967 4322 tartara
982 4261 1108 4347 mergit.

338 4349 400 4414 His
415 4371 478 4426 me,
492 4369 611 4435 quaeso,
625 4346 728 4423 malis,
745 4357 848 4430 pater,
860 4344 959 4431 eripe,
977 4344 1161 4431 spiritualis:

337 4435 431 4503 Mole
442 4456 572 4525 gemens
585 4446 684 4513 tanta,
701 4432 801 4513 lever,
818 4455 887 4513 oro,
904 4445 961 4500 tua
974 4455 1071 4522 prece
1087 4444 1207 4498 sancta.
