3142 5159
551 428 689 481 saucrr
716 426 952 479 curnaaarr.
1271 396 1321 471 65

107 632 112 643 ·
170 596 336 667 Lainestri
358 606 436 661 tunc
459 594 614 679 temporis
637 594 817 670 dicebatur,
834 590 941 655 multis
964 585 1104 677 gloriose
1119 584 1233 650 diebus
1249 608 1322 687 reg·

170 684 395 842 {parqevqpiu
418 682 507 771 quod
523 696 557 749 et
573 681 695 749 Christi
710 680 830 749 cotidie
844 679 1008 767 operibus,
1025 687 1180 765 quantum
1203 686 1320 762 potuit,

646 1086 764 1166 [CAP.
781 1086 849 1165 IL]

221 1308 295 1376 Rex
306 1309 406 1393 igitur
420 1309 511 1389 alter,
526 1310 580 1397 qui
596 1309 629 1373 in
644 1311 795 1396 proximo
807 1308 895 1372 aliud
908 1331 1044 1397 regnum
1059 1312 1093 1374 iu
1103 1311 1180 1396 ipsis
1195 1308 1326 1397 Hyber-

173 1401 238 1464 niae
262 1399 409 1484 partibus
434 1399 549 1477 tenuit,
575 1397 660 1463 illius
684 1398 846 1463 felicitatis
869 1398 996 1484 gloriae,
1013 1414 1146 1463 auctore
1168 1399 1326 1486 nequiciae

174 1486 370 1563 stimulante,
384 1486 517 1561 invidit,
534 1500 576 1564 et,
590 1488 678 1572 quod
690 1486 821 1549 invidiae
838 1502 925 1551 sator
933 1510 991 1552 sua
1000 1488 1174 1572 prudentia
1183 1486 1327 1572 nequivit

174 1574 312 1649 efficere,
338 1575 401 1639 hoc
424 1575 643 1639 membrorum
672 1597 804 1639 suorum
827 1575 1008 1660 impudenti
1031 1575 1178 1662 nequicia
1205 1573 1327 1639 studuit

174 1661 351 1747 adimplere
367 1684 377 1736 ;
400 1676 432 1726 et
456 1661 511 1750 qui
527 1679 647 1726 eternae
671 1664 788 1749 quietis
803 1675 922 1726 statum
932 1665 1002 1748 jam
1018 1664 1073 1728 diu
1097 1662 1238 1728 deseruit
1253 1662 1329 1727 reli-

198 1748 257 1814 iosi
282 1750 368 1838 regis
396 1773 509 1836 pacem
537 1750 668 1814 turbare
693 1774 767 1815 cum
795 1750 923 1815 funesto
947 1774 1006 1816 suo
1022 1752 1161 1817 satellite
1176 1750 1328 1815 decrevit.

173 1775 280 1903 {lude
303 1859 372 1914 rex,
401 1840 455 1925 qui
482 1840 514 1901 in
540 1838 721 1917 Connathe,
745 1839 832 1925 quod
849 1842 995 1904 cominus
1023 1854 1103 1918 erat,
1130 1854 1205 1905 tnnc
1229 1860 1330 1926 regna

175 1925 379 2011 disponebat,
398 1925 476 1991 dolo
500 1940 532 1991 et
553 1928 683 1991 astuciis
699 1925 924 2012 ipsiuszregna
947 1927 1095 1992 infestare
1121 1927 1329 2013 properabat.

178 2014 396 2079 Iusidiabatur
419 2028 455 2078 ut
479 2014 542 2091 leo,
559 2013 718 2078 occultam
734 2014 921 2078 machinans
938 2016 1151 2101 iniquitatem,
1165 2027 1202 2080 ut
1220 2014 1330 2079 Chris·

175 2103 298 2167 tianum
315 2101 438 2186 Regem
449 2102 602 2186 perderet
616 2102 831 2170 innocentem.
881 2103 960 2168 Erat
972 2102 1121 2167 nimirum
1138 2104 1220 2168 adeo
1235 2102 1328 2167 ferox

176 2202 210 2254 et
230 2189 365 2275 rigidus,
391 2190 480 2276 quod
507 2191 658 2255 omnibus
688 2191 753 2255 suis
778 2203 847 2254 erat
871 2190 983 2256 vicinis
1005 2192 1125 2257 infidus
1141 2207 1174 2257 et
1188 2192 1329 2270 odiosus,

175 2277 330 2363 stultique
369 2299 462 2342 ausus
500 2278 735 2363 impudentiam
780 2279 901 2366 iniquae
939 2280 1158 2365 perversitatis
1196 2282 1330 2345 armavit

176 2364 323 2442 saevicia3
348 2365 433 2429 unde
455 2388 560 2453 neque
584 2366 658 2430 Deo
681 2388 741 2429 uec
764 2365 887 2430 homini
906 2367 1056 2432 exhibuit
1071 2369 1103 2432 in
1119 2369 1226 2456 aliquo
1242 2390 1330 2433 reve·

177 2453 326 2521 rentiam.
376 2455 586 2542 Congregans
607 2476 685 2537 ergo
708 2477 774 2517 suae
798 2468 929 2520 cunctos
945 2456 1163 2542 perversitatis
1178 2456 1331 2521 satellites

178 2554 213 2605 et
225 2540 472 2619 commilitones
487 2559 519 2606 et
532 2565 741 2629 quoscunque
751 2555 879 2627 poterat
888 2544 1125 2634 convocarelvel
1138 2544 1330 2621 conducere,
1353 2585 1355 2588 -

171 2629 319 2715 juniores
335 2651 390 2693 seu
405 2628 558 2708 seniores,
576 2631 617 2694 de
632 2644 727 2695 nocte
744 2653 817 2695 cum
832 2631 947 2716 gladiis
963 2646 996 2697 et
1007 2633 1144 2697 fustibus
1161 2631 1281 2708 exivit3
1297 2644 1342 2695 et·

179 2739 275 2805 quem
301 2716 465 2801 vigilando
491 2739 557 2782 non
581 2730 720 2804 poterat,
748 2720 807 2783 sub
832 2735 993 2785 nocturno
1012 2743 1127 2805 sopore
1144 2719 1331 2784 suffocando

178 2805 369 2889 extinguere
394 2804 585 2882 festinabat;
614 2822 656 2885 et,
684 2830 780 2893 quem
796 2807 874 2871 belli
891 2809 1060 2873 manifesto
1075 2807 1333 2891 discriminejlas·

178 2892 295 2959 cessire
311 2892 363 2957 vel
374 2891 528 2979 impetere
539 2917 606 2958 non
618 2897 833 2979 praesumpsit,
845 2896 1006 2960 sedicione
1018 2894 1153 2961 subdola
1163 2910 1196 2960 et
1207 2895 1333 2960 occulta

180 2981 353 3066 deturpare
379 2981 429 3045 vel
457 2980 656 3045 confundere
684 2982 862 3065 satagebat.
908 2984 962 3047 De
985 2982 1116 3047 civitate
1136 2984 1243 3071 igitur,
1262 2996 1334 3069 quae

183 3069 356 3135 Connathe
385 3067 512 3148 dicitur,
541 3068 705 3134 nocturnis
722 3071 780 3132 sub
806 3068 928 3132 insidiis
954 3070 1179 3156 proficiscitur,
1209 3084 1245 3135 ut
1275 3071 1334 3135 sub

181 3156 297 3245 quietis
320 3156 446 3221 silentio
462 3180 519 3221 rex
536 3156 690 3244 pacificus
707 3156 918 3223 occideretur.
965 3159 1080 3246 Itaque
1097 3182 1206 3245 regem
1226 3159 1336 3224 Chris·

186 3248 309 3311 tianum
333 3244 547 3311 dormientem
571 3246 717 3311 clanculo
741 3246 914 3325 interemit,
931 3258 965 3311 et
980 3270 1086 3335 neque
1103 3248 1143 3312 de
1160 3245 1337 3335 ejusifami-

180 3333 252 3398 liari
275 3334 418 3398 exercitu
443 3358 636 3421 quemquam
660 3336 864 3421 superstitem
881 3335 1070 3422 dereliquit3
1087 3358 1287 3423 uxoremque
1305 3350 1337 3399 et

181 3422 266 3486 filios
273 3422 390 3509 jugulo
405 3423 593 3501 suffocabat,
611 3436 644 3487 et
660 3423 701 3487 de
718 3443 784 3487 tam
800 3446 958 3508 generosa
976 3424 1075 3512 Regis
1090 3424 1200 3489 sobole
1216 3422 1335 3488 nemini

181 3532 314 3595 parcere
330 3508 475 3575 voluerat
489 3511 549 3574 uisi
565 3510 716 3597 puellulae
732 3511 923 3587 tenerrimae,
941 3514 991 3575 cui
1007 3534 1074 3596 prae
1089 3511 1213 3597 pudore
1224 3532 1336 3576 manus

182 3598 313 3682 injicere
335 3598 555 3663 erubescebat.
599 3597 705 3662 Nichil
729 3621 807 3686 ergo
829 3598 959 3685 penitus
974 3600 1016 3663 de
1033 3600 1175 3664 humano
1191 3598 1334 3683 germine

183 3686 282 3750 vitam
308 3684 429 3751 ducens
454 3684 680 3774 dereliquerat,
706 3685 767 3751 nisi
794 3686 894 3750 solam
919 3700 1046 3751 tantum
1070 3686 1253 3772 puellulam,
1271 3685 1333 3764 cui,

184 3774 254 3840 solo
277 3772 401 3861 pudore
425 3773 632 3862 prohibente,
650 3771 814 3863 parcendo
827 3776 926 3840 vitam
942 3773 1128 3845 indulserat.
