3142 5159
644 408 647 413 Ι
692 452 787 507 vm
813 452 953 507 sunem

380 618 443 686 cui
457 618 564 684 theras
576 617 655 683 tanti
670 616 782 683 laudes
794 616 881 681 canis
897 614 1007 681 omnia
1020 614 1111 681 danti
1123 640 1133 694 3

382 708 494 794 Atque
509 706 610 773 refers
625 718 732 792 grates
747 704 802 791 pic
815 705 903 769 flexo
918 704 1042 789 poplite
1058 716 1156 770 vates.

382 794 447 859 His
463 794 613 882 equidem
629 792 722 859 donis
738 794 769 856 iu
785 814 929 857 amorem
941 790 1120 876 relligionis

381 881 431 949 Ut
445 882 502 947 fax
517 883 664 970 ignoscis,
677 894 789 967 pastus
801 879 984 946 coelestibus
1000 881 1091 944 escis.

383 970 468 1035 Esca
479 992 562 1037 mere
573 969 687 1035 mentis
704 970 745 1035 sit
759 968 864 1054 gratie
878 966 1140 1052 cuncti-potentis
1157 991 1167 1044 3

385 1057 480 1123 Harrc
492 1057 534 1123 de
546 1080 580 1123 se
596 1071 714 1143 paseat,
733 1071 768 1123 ut
785 1056 874 1144 quod
885 1069 983 1120 nocet
994 1054 1072 1120 inde
1083 1054 1233 1122 labescat.

460 1370 577 1457 [nnn.
595 1369 878 1451 VnJ-Quauur
892 1373 1058 1437 mua
1071 1372 1193 1437 suec

387 1592 472 1657 Hinc
487 1592 665 1659 monachus
681 1592 793 1670 l'actus,
810 1591 1007 1657 monachiles
1022 1590 1150 1677 perficis
1167 1605 1259 1661 actus
1275 1618 1284 1670 ;

386 1682 589 1747 Conversans
604 1680 713 1769 digne,
733 1678 854 1745 Christi
869 1681 1044 1745 flammaris
1060 1680 1101 1744 ab
1123 1680 1209 1771 igne.

388 1769 437 1835 Ut
452 1767 493 1832 sis
507 1769 671 1857 perfectus
688 1767 837 1855 procedis
853 1768 885 1833 in
909 1768 1172 1854 ante-profectus.

391 1856 564 1922 Deiectum
580 1856 693 1934 nescis,
708 1865 763 1923 sed
778 1878 904 1941 semper
919 1858 951 1920 in
964 1854 1077 1921 intima
1092 1857 1206 1922 crescis
1219 1887 1229 1940 3

352 1975 353 1979 ¹
389 1944 438 2012 Ut
450 1957 600 2034 stagnum
616 1947 696 2023 rivo,
709 1944 762 2008 vel
778 1960 910 2030 torpens
925 1942 1008 2031 ignis
1023 1944 1129 2009 olivo:

391 2034 462 2099 Stas
475 2036 637 2118 specimen
652 2055 791 2111 morum,
809 2032 924 2097 doctor
936 2033 1080 2097 doctoris
1095 2056 1216 2099 eorum.

391 2119 511 2185 Subdis
527 2120 640 2207 majori
655 2119 833 2186 castissima
848 2120 993 2185 membra
1004 2121 1120 2205 rigori:

390 2207 504 2273 Carnis
520 2231 599 2273 cura
612 2208 728 2293 gravis,
745 2206 850 2272 carnis
866 2208 1030 2293 despectio
1045 2209 1173 2286 suavis3

391 2294 508 2383 Fitque
523 2295 582 2362 tibi
596 2318 707 2361 carum
724 2296 811 2383 quod
827 2296 967 2360 mundus
978 2296 1068 2361 ducit
1083 2318 1238 2377 amarum,

392 2384 446 2449 Sic
461 2383 577 2475 dignus
592 2382 691 2463 coelis,
709 2405 799 2449 sacer
810 2397 896 2463 actu,
913 2398 1032 2465 mente,
1049 2384 1061 2447 l
1106 2384 1195 2464 uelis,

394 2471 594 2558 Congressus
610 2473 731 2537 mundo
743 2474 893 2562 pugnasti
908 2473 972 2537 fine
987 2407 1141 2541 seculldo.

394 2559 473 2649 Ejel
503 2560 693 2640 cuthberte,
711 2561 835 2627 valeam
858 2563 941 2626 bene
958 2562 1065 2627 vivere
1086 2584 1146 2648 per
1161 2574 1211 2638 te3

396 2647 560 2737 Quicquid
576 2651 660 2715 inest
675 2648 798 2715 mundo
814 2662 1041 2735 contempnere
1057 2650 1156 2715 corde
1168 2648 1330 2735 profundo
1345 2672 1354 2725 ;

392 2736 533 2824 Nonque
548 2736 657 2803 favere
672 2738 749 2813 cuti,
765 2738 821 2823 pia
835 2760 991 2825 quaerere,
1007 2738 1134 2827 legibus
1149 2740 1195 2806 uti
1210 2762 1220 2815 3

395 2822 444 2890 Ut
458 2828 563 2890 vivam
578 2825 661 2890 coelo
677 2839 793 2893 conatu
807 2847 935 2910 semper
950 2826 1078 2894 anbelo.

426 3156 546 3241 [unp.
566 3158 819 3239 unm-..Qua
831 3158 1119 3240 aucmento
1132 3160 1255 3241 recepti.

394 3404 504 3481 Quam
519 3401 597 3468 felix
613 3404 740 3490 hospes,
757 3405 809 3470 cui
825 3420 958 3473 venerat
973 3406 1105 3495 angelus
1119 3406 1235 3493 hospes
1248 3406 1257 3473 l

396 3492 528 3557 Plantas
545 3506 578 3557 et
592 3493 713 3577 palmas
729 3494 854 3559 refoves
870 3510 904 3560 et
919 3493 1013 3559 diluis
1028 3495 1149 3572 almas3

397 3582 486 3646 Pane
502 3580 590 3645 cibas
606 3580 708 3661 illum,
726 3597 760 3646 tu
775 3606 861 3668 pane
876 3583 985 3647 cibare
1000 3605 1058 3668 per
1072 3582 1185 3660 illum3

400 3669 490 3733 Pane
499 3667 629 3755 quidem
647 3669 741 3748 trino,
759 3694 841 3757 quos
854 3669 961 3736 attulit
977 3694 994 3734 e
1010 3668 1169 3754 paradiso·

399 3755 484 3820 Lilia
498 3756 639 3823 candore
654 3758 856 3844 praecellunt,
871 3758 966 3823 mella
981 3780 1104 3844 sapore,

398 3843 660 3931 Fragrantesque
676 3868 758 3910 rosae
781 3847 869 3911 suavi
885 3865 1078 3931 superantur
1093 3847 1204 3912 odore.

403 3930 466 3995 His
482 3931 635 3995 invitatus
650 3933 751 4023 magis
763 3934 886 4018 appetis
901 3934 967 3999 alta
981 3934 1106 4012 beatus,

401 4018 516 4083 Paetus
533 4016 617 4083 utin
633 4023 725 4085 terris
739 4021 880 4107 paradisi
895 4045 980 4108 pane
995 4023 1133 4090 referris.

408 4105 530 4171 Christi
545 4108 691 4187 conviva,
709 4108 808 4174 michi
823 4109 883 4188 fer,
899 4123 986 4196 peto,
1004 4109 1127 4175 fercula
1141 4110 1213 4174 viva
1226 4130 1235 4185 3

402 4194 465 4259 Fer
479 4216 585 4279 prece,
602 4219 667 4284 qua
681 4198 794 4285 polles,
811 4200 887 4288 quia
900 4200 945 4262 sic
961 4197 1057 4262 michi
1072 4199 1171 4263 noxia
1186 4196 1299 4263 tolles:

401 4282 468 4353 Fac
481 4282 543 4349 vivi
557 4284 648 4370 panis
663 4307 827 4379 nunquam
843 4310 916 4353 mea
929 4308 1021 4352 mens
1036 4285 1078 4353 sit
1093 4285 1209 4353 inanis.
