3142 5159
570 468 682 519 naurs
710 467 932 517 uamoaunt.
1303 454 1326 531 7
1418 506 1424 515 .

171 654 250 697 saus
267 634 353 699 Oswi
372 630 603 709 Berniciorum,
621 629 750 695 invidioe
765 629 807 694 de
823 628 887 693 suis
901 629 1098 693 successibus
1109 627 1253 693 fomitem
1270 629 1329 693 mi-

176 721 333 785 nistravit.
381 718 495 783 Doluit
523 740 660 806 namque
687 716 775 782 Oswi
797 738 943 801 regnum,
990 714 1055 779 uod
1078 714 1179 779 frater
1201 715 1269 799 ejus
1286 740 1328 781 ex

164 807 302 892 integro
325 806 522 891 possederat,
539 828 597 906 per
625 804 762 869 Beatum
782 802 947 868 Oswinum
967 739 1105 867 divisum
1127 802 1236 880 fuisse,
1252 816 1287 867 et
1309 805 1329 869 ai

175 894 306 959 ditionis
331 917 397 959 suae
425 892 580 971 terminis,
609 892 794 977 Deyrorum
824 912 957 975 regnum
983 902 1218 977 sequestratum
1247 914 1328 955 esse·

180 983 314 1045 Sanctus
331 980 416 1045 enim
431 1003 491 1045 rex
510 978 688 1056 Oswaldus,
703 1000 788 1041 caeso
806 977 978 1056 Caedwala,
999 977 1219 1041 Bemiciorum
1238 977 1329 1064 Dey-

174 1091 348 1155 rorumque
372 1067 518 1131 nationes
543 1080 575 1132 et
598 1064 723 1151 populis
748 1078 782 1129 et
805 1064 946 1129 moribus
971 1064 1148 1143 distinctas,
1174 1064 1206 1127 in
1231 1087 1327 1129 unam

173 1178 354 1219 convocans
385 1153 647 1231 dominationem,
672 1152 713 1216 de
744 1152 870 1215 duobus
900 1174 1000 1215 unum
1030 1151 1152 1215 fecerat
1179 1174 1327 1236 regnum.

179 1242 285 1317 Quam
302 1243 344 1307 ob
360 1263 488 1305 causam
512 1240 598 1306 Oswi
618 1239 650 1303 in
666 1262 732 1303 suae
748 1238 1017 1304 exhaeredationis
1033 1238 1261 1303 contumeliam
1278 1261 1328 1303 re-

172 1329 319 1393 dundare
336 1328 488 1393 credebat
506 1327 614 1393 Sancti
631 1326 731 1415 Regis
744 1325 868 1390 Oswini
884 1325 1062 1411 imperium,
1077 1325 1165 1412 quod
1180 1348 1328 1411 suscepe-

172 1430 236 1493 rat,
254 1416 401 1504 equidem
421 1438 485 1479 non
500 1415 588 1502 quasi
605 1436 768 1479 successor
788 1413 897 1477 Sancti
918 1413 1072 1489 Oswaldi,
1090 1412 1147 1477 sed
1166 1413 1328 1497 patrissui

175 1502 259 1591 regis
287 1501 403 1580 Osrici‚
429 1502 495 1590 qui,
521 1516 557 1566 ut
580 1502 701 1567 dictum
726 1517 786 1578 est,
811 1499 1016 1565 haereditario
1036 1503 1112 1587 jure
1142 1499 1327 1586 Deyrorum

174 1613 274 1675 regno
298 1602 445 1675 praeerat,
463 1590 520 1654 sed
543 1587 711 1673 apostasiae
732 1588 833 1673 culpis
849 1587 1063 1671 exigentibus,
1081 1609 1182 1671 regno
1197 1586 1327 1675 vitaque
1407 1669 1410 1672 Ι

175 1679 296 1762 pariter
322 1677 463 1762 privatus
488 1676 604 1740 fuerat.
677 1675 759 1738 Haee
785 1677 895 1760 itaque
923 1698 1018 1738 causa
1044 1674 1173 1738 invidiae
1197 1674 1327 1761 odiique

175 1763 365 1849 principium
383 1764 473 1841 fovit,
491 1763 546 1827 sed
563 1762 685 1826 aliis'ex
701 1760 804 1825 causis
819 1762 964 1825 cumulus
980 1782 1044 1825 non
1060 1761 1205 1825 modicus
1220 1784 1328 1826 accre-

174 1851 233 1914 vit.
281 1850 436 1949 Maiaque
456 1849 639 1934 cupiditatis
659 1872 725 1911 suae
744 1847 932 1934 jamdictus
956 1862 1108 1933 tyrannus
1128 1847 1214 1913 Oswi
1236 1847 1328 1912 satis-

172 1937 303 2014 faciem,
322 1937 443 2001 callidis
468 1935 766 2011 machinationibus,
788 1936 907 1999 Sancto
934 1934 1017 2019 Regi
1042 1935 1174 2000 Oswino
1197 1935 1326 1999 insidias

173 2024 349 2099 tendebat;
373 2038 409 2087 ut
425 2024 501 2088 dolo
516 2023 568 2087 vel
583 2022 814 2109 quoquomodo
834 2035 959 2085 tentum
974 2020 1070 2085 morti
1087 2022 1240 2099 traderet,
1254 2045 1327 2106 reg-

172 2111 270 2197 nique
294 2112 342 2174 sui
366 2111 483 2176 damna
504 2109 683 2175 resarciret.
733 2111 868 2174 Sanctus
893 2131 970 2173 vero
997 2109 1155 2185 Oswinus,
1183 2110 1258 2196 quia
1284 2111 1325 2173 ab

169 2198 320 2262 omnibus
348 2199 526 2276 amabatur,
560 2210 595 2261 ut
624 2210 692 2261 erat
719 2196 864 2261 amabilis
892 2195 994 2272 valde,
1026 2194 1203 2261 insidiantis
1233 2196 1325 2260 dolos

172 2288 398 2371 praecavebat3
423 2284 597 2372 aliquando
612 2285 772 2373 cogitatus
796 2284 953 2369 malignos
969 2283 1168 2368 recogitandi
1185 2282 1323 2361 solertia,

169 2372 344 2459 aliquando
360 2395 402 2436 ex
418 2371 618 2437 consciorum
634 2369 758 2435 consilii
777 2370 875 2456 ipsius
895 2370 981 2436 Oswi
1001 2370 1233 2455 praemuniente
1252 2393 1326 2455 gra·

173 2458 228 2523 tia.
256 2459 454 2545 Factumque
471 2472 520 2522 est
536 2471 571 2521 ut
586 2480 721 2542 regnum
731 2458 820 2606 quod
831 2471 954 2540 septem
972 2457 1061 2520 annis
1072 2458 1104 2518 in
1120 2478 1326 2521 successuum

172 2546 275 2633 gloria
297 2568 370 2609 cum
393 2546 516 2607 summb
538 2566 617 2629 pace
640 2565 732 2628 posse
757 2556 837 2621 erat,
855 2544 981 2606 duobus
1003 2544 1211 2629 sequentibus
1234 2544 1324 2608 annis

170 2633 276 2695 minus
292 2630 399 2731 quiete
424 2644 560 2695 teneret.
609 2628 806 2694 Reverentia
829 2641 937 2693 tamen
956 2629 1082 2713 Aydani
1098 2629 1250 2714 episcopi,
1268 2632 1324 2718 qui

172 2740 285 2803 pacem
301 2732 492 2805 interreges
508 2716 677 2782 conciliare
692 2717 870 2800 satagebat,
887 2714 1041 2780 malitiam
1055 2718 1139 2799 regis
1158 2716 1324 2782 Bernicio-

170 2828 243 2868 rum
267 2827 326 2889 per
352 2804 552 2904 septennium
574 2802 736 2889 repressit,
754 2803 812 2867 sed
834 2803 923 2867 nullo
945 2802 1025 2867 sacri
1041 2802 1131 2867 verbi
1154 2805 1266 2890 ymbre
1281 2805 1325 2869 ad

172 2893 303 2977 plenum
333 2906 524 2977 extinguere
554 2890 670 2975 potuit.
720 2890 819 2964 Quod
848 2889 978 2975 quidem
1013 2890 1164 2954 Sanctum
1199 2891 1325 2976 Regem

172 2978 340 3044 Oswinum
364 3001 427 3041 non
451 2979 555 3055 latuit,
581 2991 614 3042 et
642 2978 715 3041 ideo
738 3000 903 3064 nunquam
926 2977 1008 3063 paci,
1031 2999 1129 3063 quam
1150 3000 1208 3043 rex
1236 2979 1323 3043 Oswi

172 3066 342 3143 similabat,
359 3089 393 3129 se
410 3065 557 3130 credidit.
606 3064 728 3128 Videns
751 3064 859 3150 itaque
882 3086 943 3127 rex
970 3064 1067 3141 Oswi,
1085 3064 1173 3164 quod
1195 3064 1325 3129 simula-

168 3153 259 3217 tione
275 3155 332 3217 suia
342 3151 570 3217 circumvenire
579 3174 643 3215 non
652 3151 758 3236 potuit
772 3150 882 3215 Sancti
902 3149 998 3235 Regis
1015 3151 1135 3215 Oswini
1148 3152 1321 3230 solertiam,

170 3239 320 3318 indoluit,
337 3254 370 3304 et
393 3239 460 3303 odii
475 3261 632 3303 venenum
649 3262 713 3325 quo
732 3239 870 3302 latenter
888 3260 1005 3303 nocere
1024 3238 1186 3302 innocenti
1206 3261 1324 3325 propo-

169 3327 234 3389 suit
244 3327 301 3390 sed
313 3349 376 3390 non
388 3326 503 3411 potuit,
516 3348 666 3390 evomere
677 3325 845 3409 disposuit.
875 3326 959 3389 Cum
975 3324 1072 3409 igitur
1088 3324 1234 3389 draconis
1249 3326 1324 3390 insi·

172 3413 240 3476 dias
266 3413 363 3477 nichil
387 3412 447 3477 sibi
470 3412 621 3498 prodesse
648 3412 817 3497 persensit,
846 3413 946 3475 leonis
975 3412 1131 3496 rugientis
1161 3412 1323 3478 feritatem

171 3499 296 3575 induit3
321 3513 354 3562 et
369 3500 505 3563 collecta
520 3500 744 3585 undecumque
767 3498 872 3583 potuit
895 3497 1019 3561 infinita
1033 3499 1225 3563 bellatorum
1242 3501 1324 3564 mul-

173 3584 322 3663 titudine,
340 3586 444 3649 Beato
463 3585 547 3675 Regi
566 3585 696 3650 Oswino
711 3586 742 3647 in
754 3607 850 3647 manu
866 3586 941 3648 forti
958 3607 1138 3664 occurrere,
1155 3586 1322 3674 ipsumque

171 3672 342 3759 nephanda
357 3694 435 3736 nece
452 3672 609 3757 perimere
625 3672 798 3735 anhelavit.

217 3758 394 3839 Praeclarus
411 3758 519 3845 itaque
536 3759 675 3845 Deoque
691 3772 841 3843 acceptus
855 3757 930 3821 Rex
947 3758 1106 3836 Oswinus,
1121 3761 1222 3824 sciens
1234 3760 1323 3848 quod

171 3846 236 3910 vim
253 3846 282 3909 vi
298 3845 467 3931 repellere,
485 3869 594 3910 omnes
610 3846 695 3933 leges
711 3846 883 3932 omniaque
894 3847 968 3933 jura
979 3847 1177 3931 permittant,
1191 3870 1322 3912 suorum

171 3932 375 3997 circundatus
395 3932 474 4011 acie,
494 3933 567 3997 loco
583 3934 638 4020 qui
659 3931 887 3997 Wilfarcsdun*
904 3932 1032 4010 dicitur,
1050 3933 1079 3998 ei
1095 3934 1206 3997 obvius
1222 3936 1321 4000 venit.

175 4020 397 4083 Sanctissimus
419 4032 527 4084 autem
550 4018 625 4084 Rex
649 4018 809 4095 Oswinus,
826 4018 936 4083 videns
956 4043 1028 4083 suos
1044 4043 1117 4083 cum
1133 4021 1321 4086 adversariis

171 4105 363 4170 unanimiter
377 4107 520 4171 volentes
536 4129 600 4170 non
616 4105 719 4169 solitm
736 4106 942 4183 contendere,
959 4106 1180 4172 verumetiam
1193 4132 1322 4195 prosuo

169 4215 247 4281 rege
263 4206 390 4278 paratos
403 4195 604 4270 occumbere,
618 4192 749 4256 volvens
762 4193 911 4257 inanimo
923 4193 1114 4260 discriminis
1125 4195 1322 4259 horrendum

168 4279 302 4361 facinus,
324 4302 422 4366 seque
441 4280 544 4344 solum
563 4278 726 4343 homicidii
741 4280 814 4344 binc
830 4279 904 4344 inde
920 4282 1035 4365 passim
1051 4282 1271 4347 committendi
1288 4282 1320 4344 ia

307 4454 519 4511 ,m
656 4454 788 4509 Η,
924 4456 1136 4517 ΗΜ

1239 4627 1250 4658 r
1411 4610 1473 4679 β’

1039 4638 1113 4748 520
1143 4660 1330 4793 Mam
1349 4680 1419 4723 δυ’

1205 4745 1228 4814 ⁶:
1322 4759 1434 4847 aas
1456 4836 1466 4847 .
