3142 5159
303 409 353 477 80
746 430 837 478 vrrs
867 428 1007 477 oswrur

302 588 421 655 inridet
460 590 512 654 ille
550 590 657 655 fautor
698 589 938 655 inobedientiae.
1001 588 1167 653 Laborant
1204 598 1384 673 uterque,
1429 582 1485 648 sed

302 675 440 740 multum
457 676 594 741 diversi.
642 677 766 755 Frater,
784 690 820 741 ut
839 676 981 761 incoepta
994 675 1163 761 proficiat3
1185 672 1434 747 adversarius,
1452 687 1486 733 ut
1541 729 1542 732 ,

302 785 377 827 eum
390 762 518 827 deiciat.
569 764 632 828 lste
649 781 684 828 ut
702 764 860 849 proficiat,
874 763 928 827 ille
944 762 1022 828 verb
1037 774 1074 827 ut
1089 762 1226 825 officiat:
1250 760 1365 847 quod
1384 777 1425 822 et
1440 781 1488 826 se-

303 871 404 935 quens
425 872 532 913 rerum
556 851 695 915 astruxit
719 864 864 915 eventus.
912 850 997 915 Cum
1022 848 1108 912 enim
1131 847 1230 911 irater
1252 848 1342 931 jam
1374 847 1486 909 dictus

303 956 398 1021 super
413 937 519 1002 trabes
533 936 690 1001 ulterioris
706 936 805 1023 partis
816 936 995 1000 dormitorii
1011 935 1157 1012 fratrum,
1174 934 1262 1021 quod
1281 948 1384 998 tunc
1403 946 1487 995 tem-

303 1022 389 1107 poris
404 1025 608 1109 operabatur,
627 1037 737 1101 staret,
754 1024 905 1123 quatinus
920 1022 1041 1087 scilicet
1056 1022 1172 1085 solium
1187 1021 1270 1085 sicut
1286 1022 1384 1085 fieri
1401 1020 1485 1082 solet

303 1109 345 1173 de
360 1110 454 1195 lignis
469 1111 660 1197 quibusdam
675 1110 842 1175 latioribus
857 1122 890 1173 et
905 1107 1022 1195 spissis,
1039 1108 1212 1173 artificioso
1224 1108 1312 1171 inibi
1328 1108 1485 1171 colloca·

303 1208 353 1261 ret
369 1198 492 1276 ordine,
509 1198 594 1261 forte
610 1198 686 1261 alias
705 1196 886 1273 intendens,
902 1196 1030 1260 sinistro
1051 1196 1135 1280 pede
1150 1194 1320 1259 incautius
1352 1193 1481 1279 posito,

304 1284 426 1368 pariter
440 1307 513 1349 cum
530 1285 616 1368 ligno
631 1285 771 1370 quodam
787 1283 901 1368 grandi
915 1283 1004 1368 quod
1019 1282 1102 1347 male
1117 1283 1314 1360 calcaverat,
1338 1282 1393 1345 ad
1419 1280 1484 1341 ima

305 1370 477 1434 delabitur.
525 1370 596 1435 Lon
621 1371 639 1436 ὲ
655 1384 763 1435 tamen
778 1371 873 1435 aliter
887 1392 985 1457 quam
1006 1367 1135 1453 spiritus
1149 1368 1293 1433 mendax
1320 1366 1483 1453 praedix·

306 1469 387 1532 erat,
411 1456 568 1545 benignus
627 1480 683 1521 eus
710 1458 750 1523 de
774 1457 884 1522 dilecti
905 1456 955 1520 sui
979 1455 1088 1521 Sancti
1117 1454 1217 1539 Regis
1239 1468 1274 1520 et
1301 1453 1482 1539 Martyris

310 1541 432 1607 Oswini
450 1543 604 1609 servitore
628 1544 834 1610 deliberarat.
881 1543 974 1608 Licet
997 1543 1082 1607 enim
1104 1542 1297 1629 quibusdam
1324 1542 1482 1606 sortasse

306 1631 446 1715 peccatis
462 1630 666 1715 exigentibus
681 1631 778 1695 morti
794 1630 930 1695 vicinam
951 1629 1119 1693 incurrisse
1135 1630 1301 1693 videretur
1316 1629 1477 1702 ruinam,

308 1729 421 1801 utpote
437 1717 492 1805 qui
507 1719 576 1783 solo
592 1731 683 1783 tenus
700 1718 783 1782 inter
798 1740 878 1782 saxa
892 1733 925 1782 et
939 1718 1027 1801 ligna
1048 1717 1100 1781 hic
1115 1716 1190 1779 inde
1213 1715 1334 1800 posita,
1357 1736 1479 1779 casum

307 1803 485 1869 altitudinis
509 1806 629 1890 pedum
654 1804 855 1889 undeviginti
880 1817 914 1868 et
942 1827 982 1867 eo
1005 1803 1140 1887 amplius
1163 1803 1317 1878 fecisset3
1353 1817 1473 1866 tamen

309 1890 384 1955 Deo
407 1892 596 1976 opitulante,
621 1915 679 1976 per
706 1894 816 1956 Sancti
837 1892 887 1953 sui
916 1890 1069 1978 Martyris
1091 1890 1186 1953 solita
1210 1890 1388 1973 suffragia,
1408 1909 1476 1950 non

309 1978 412 2042 solum
427 2002 463 2043 os
476 1980 543 2063 ejus
559 1979 681 2042 nullum
696 1980 833 2043 fractum
845 1991 905 2056 est,
917 1978 974 2041 sed
989 1999 1048 2040 nec
1060 1976 1191 2062 quidem
1205 1976 1288 2039 cutis
1303 1974 1474 2039 extremi-

309 2081 357 2129 tas
374 2078 492 2148 praeter
501 2065 630 2129 solitum
646 2065 764 2150 pedum
779 2065 987 2129 valitudinem
998 2064 1112 2151 (pedes
1127 2066 1213 2127 enim
1228 2086 1314 2148 saepc
1327 2062 1474 2127 doleba-

310 2154 377 2238 tur)
391 2151 591 2235 aliquatenus
601 2152 677 2217 laesa
686 2166 745 2215 est.
794 2154 941 2239 Cumque
953 2151 1332 2235 ejusdemcooperatores
1344 2151 1471 2213 fientes

309 2250 523 2314 accurrerent,
541 2250 578 2302 ut
593 2261 708 2322 corpus
723 2240 812 2325 quod
829 2240 898 2322 jam
917 2238 1031 2302 elisum
1052 2238 1226 2302 credebant
1245 2250 1279 2301 et
1294 2236 1468 2310 exanime,

309 2324 402 2389 citius
418 2324 581 2402 efferrent,
595 2324 703 2389 vident
716 2348 791 2389 eum
804 2325 858 2390 ubi
873 2338 982 2389 ruerat
995 2325 1172 2401 sedentem,
1185 2325 1285 2409 pedes
1307 2348 1350 2387 ue
1369 2324 1470 2387 dum·

310 2423 401 2476 taxat
416 2433 512 2496 supra
526 2434 606 2499 quos
625 2412 796 2490 ceciderat,
814 2412 910 2476 solito
928 2411 1056 2495 gravius
1076 2412 1250 2475 dolentem.
1329 2426 1343 2474 t
1368 2408 1468 2475 lacri-

310 2499 470 2563 mantibus
489 2499 560 2576 illis,
577 2522 614 2563 ac
630 2522 724 2585 super
746 2500 796 2563 his
811 2522 884 2586 quoe
900 2499 1063 2577 ridebant,
1081 2521 1146 2562 non
1168 2520 1282 2582 parum
1301 2496 1467 2583 stupenti·
1538 2543 1539 2548 η

310 2588 380 2664 bus,
397 2586 545 2651 alacriter
561 2588 625 2663 ait;
644 2597 665 2629 “
680 2586 792 2650 Nolite
807 2586 930 2663 timere,
948 2586 1006 2649 sed
1028 2587 1203 2651 securiores
1218 2585 1342 2660 redite;
1367 2598 1406 2649 et
1422 2582 1464 2647 ad

310 2673 515 2757 sepulchrum
530 2673 710 2737 Beatissimi
730 2673 862 2737 Patroni
871 2673 972 2736 nostri
987 2695 1039 2736 me
1051 2671 1206 2736 deferte.’'
1254 2672 1297 2735 Et
1307 2672 1411 2735 allato
1423 2693 1464 2733 eo

310 2760 343 2822 in
353 2760 527 2824 claustrum
537 2760 628 2824 valde
639 2760 860 2824 condoluimus
870 2762 939 2844 ejus
949 2759 1081 2835 laesioni,
1095 2760 1245 2845 quoniam
1256 2761 1297 2822 ab
1310 2758 1462 2824 omnibus

311 2847 402 2911 nobis
430 2870 489 2933 pro
514 2869 638 2912 morum
668 2846 868 2947 benignitate
893 2868 1024 2910 suorum
1054 2845 1226 2930 plurimum
1253 2846 1462 2929 diligebatur.

313 2932 416 2998 Nobis
433 2934 530 3023 igitur
545 2934 685 3000 fraterna
700 2936 760 3000 sibr
775 2934 909 2999 caritate
928 2932 1206 3017 compatientibus,
1224 2946 1258 2996 et
1272 2933 1414 3021 qualiter
1429 2953 1462 2993 se

310 3022 447 3085 haberet
462 3022 705 3109 inquirentibus,
723 3022 888 3106 respondit
909 3020 1037 3095 dicens3
1064 3020 1224 3084 “Vestris
1247 3019 1460 3093 orationibus,

311 3109 395 3171 bene
409 3108 535 3172 fratres.
565 3109 672 3172 Tanta
682 3109 778 3171 etiam
790 3108 886 3171 animi
902 3106 1107 3194 corporisque
1122 3129 1180 3191 per
1197 3107 1262 3170 Dei
1276 3107 1414 3192 gratiam
1428 3118 1461 3169 et
1537 3151 1538 3164 2

311 3193 412 3256 nostri
430 3194 583 3280 Martyris
599 3194 755 3257 auxilium
767 3194 920 3277 sospitate
932 3195 1037 3277 vigeo,
1055 3207 1091 3257 ut
1106 3210 1140 3257 et
1155 3216 1239 3257 nunc
1252 3194 1461 3281 quemadmo-
1538 3207 1539 3220 ¹

312 3280 389 3342 dum
401 3280 470 3343 heri
483 3295 516 3344 et
528 3280 756 3343 nudiustertius
768 3302 928 3365 operarer,
941 3281 1001 3343 nisi
1017 3282 1084 3344 sold
1098 3281 1218 3366 pedum
1230 3282 1374 3345 allisione
1385 3303 1463 3365 pro-

261 3426 264 3431 .
312 3366 449 3431 hiberet.
498 3368 557 3431 Est
580 3367 736 3455 siquidem
752 3367 840 3453 quod
862 3369 966 3431 solum
989 3368 1099 3444 timeo,
1116 3390 1156 3431 ne
1178 3368 1308 3452 maligni
1330 3367 1459 3453 spiritds

313 3456 515 3540 praesagium,
533 3455 620 3542 quod
635 3454 695 3518 hac
710 3454 744 3517 in
759 3468 854 3518 nocte
877 3478 936 3540 per
951 3454 1111 3519 somnium
1126 3455 1244 3532 audivi,
1262 3478 1371 3520 verum
1387 3453 1459 3517 sit.”

318 3542 360 3605 Et
376 3544 515 3608 reserens
539 3544 601 3607 hoc
624 3566 682 3627 per
697 3543 843 3606 ordinem
855 3542 946 3628 ‘quod
962 3541 1085 3605 viderat
1098 3542 1266 3620 somnium,
1289 3542 1459 3607 “minatus

315 3631 395 3706 est,”
411 3630 514 3717 inquit
539 3641 561 3671 ‘⁶
573 3630 670 3693 etiam
686 3630 763 3693 mibi
787 3629 943 3706 diabolus,
960 3628 1036 3715 quia
1058 3629 1154 3694 hodie
1171 3631 1266 3695 ambo
1281 3652 1374 3693 crura
1388 3649 1460 3692 mea

314 3716 489 3800 frangeret,
506 3730 614 3780 utrum
630 3729 737 3781 autem
754 3739 865 3779 verum
882 3716 985 3803 (quod
1003 3716 1101 3793 absit)
1117 3739 1157 3779 an
1175 3717 1302 3794 falsum,
1320 3729 1356 3779 ut
1375 3738 1459 3779 asso·

314 3804 371 3879 let,
397 3803 526 3880 dixerit,
552 3804 658 3867 adhuc
682 3803 838 3866 incertum
864 3803 1000 3866 habe0.”
1048 3804 1108 3866 His
1125 3803 1251 3884 ‘auditis
1277 3803 1458 3887 diligentius

316 3913 391 3952 eum
406 3890 627 3967 attrectantes
645 3904 679 3954 et
695 3890 815 3953 nullam
831 3889 950 3953 ossium
969 3892 1038 3975 ejus
1054 3890 1228 3972 fracturam
1250 3890 1456 3975 reperientes,

316 3976 463 4041 laudibus
476 3990 509 4041 et
524 3977 633 4061 gratiis
644 3977 685 4041 de
701 3976 870 4061 insperatae
882 3977 1038 4041 evasionis
1052 3978 1212 4042 beneficio
1229 3978 1304 4041 Deo
1316 3979 1459 4061 omnipo-

317 4066 398 4128 tenti
408 4064 552 4141 redditis,
563 4066 605 4128 ad
617 4064 820 4149 sepulchrum
836 4064 930 4129 Beati
947 4065 1100 4151 Martyris
1113 4088 1186 4129 eum
1201 4065 1283 4128 sicut
1292 4074 1458 4149 rogaverat

317 4150 501 4215 detulimus.
554 4153 654 4236 Cujus
679 4151 801 4215 meritis
827 4164 861 4216 et
884 4152 1031 4237 precibus
1058 4175 1117 4236 pro
1136 4152 1258 4220 famulo
1287 4175 1346 4216 suo
1375 4150 1457 4237 apud

318 4239 427 4303 Deum
446 4237 740 4317 intervenientibus,
758 4253 792 4303 et
810 4240 953 4325 periculo
971 4239 1083 4303 mortis
1098 4240 1236 4304 eundem
1252 4253 1376 4305 constat
1392 4260 1456 4305 esse

318 4326 484 4403 salvatum,
498 4339 530 4391 et
547 4326 688 4411 pristinae
704 4327 799 4393 saluti
813 4326 933 4411 pariter
948 4339 981 4391 et
997 4326 1084 4410 operi
1099 4340 1293 4411 reparatum.
