3142 5159
584 435 723 489 sancrr
750 435 990 492 curnrrnrr.
1305 425 1357 507 77

196 590 322 675 penitus
342 592 477 657 illaesum
496 608 530 660 et
551 598 593 662 ab
616 621 770 686 aquarum
789 600 941 688 voragine
961 600 1109 677 liberum,
1126 599 1201 664 Deo
1215 599 1353 666 admira·

194 678 250 742 bili
271 679 382 743 laudes
397 679 547 763 reddidit,
569 699 824 775 cunctorumque
839 689 963 753 animos
978 688 1020 752 ad
1035 688 1101 755 Dei
1116 688 1252 771 gloriam
1267 710 1351 773 proe-

196 765 369 831 dicandam
386 768 501 835 erexit.

647 1083 765 1164 [CAP.
783 1082 899 1166 XIX]

241 1302 289 1367 Ut
312 1316 419 1368 autern
442 1305 483 1369 ad
508 1304 665 1391 liquidum
689 1328 737 1383 ea,
755 1329 828 1393 quae
844 1308 885 1371 de
901 1306 957 1370 illo
973 1305 1161 1384 audivimus,
1186 1308 1341 1392 explane-

192 1411 271 1469 muS,
290 1393 477 1457 traditiones
490 1405 522 1457 et
539 1393 708 1479 opiniones
724 1395 874 1481 vulgares
889 1416 954 1458 non
971 1395 1158 1463 tacebimus.
1193 1395 1342 1460 Tradunt

191 1476 350 1564 siquidem
367 1493 431 1544 tam
447 1480 674 1567 Hybernenses
690 1495 755 1545 tam
769 1482 968 1545 Galwienses
983 1495 1017 1546 et
1035 1480 1147 1560 Scotti,
1164 1483 1251 1568 quod
1262 1506 1342 1568 puer

192 1565 326 1630 Domini
341 1590 401 1653 pro
417 1567 586 1647 miraculis,
598 1593 670 1656 quae
682 1591 739 1653 per
748 1592 823 1632 eum
838 1570 926 1633 Deus
939 1570 1089 1648 ostendit,
1102 1570 1210 1634 multis
1223 1593 1340 1636 exosus

195 1651 225 1716 iu
258 1667 343 1719 terra
372 1679 430 1719 sua
459 1656 564 1721 fuerit.
629 1655 728 1720 Unde
751 1657 898 1721 nonnulli
914 1658 1104 1721 consuluere
1119 1671 1152 1722 ut
1170 1659 1251 1723 fines
1267 1682 1340 1724 suos

189 1741 395 1828 relinqueret,
414 1756 446 1808 et
462 1767 562 1828 regna
576 1743 735 1831 profugus
751 1744 857 1808 aliena
872 1745 987 1811 adiret.
1023 1744 1148 1818 Quibus
1160 1748 1336 1831 respondit,

190 1850 224 1893 se
240 1829 303 1893 hoc
319 1832 409 1894 nullo
425 1833 523 1896 modo
542 1833 712 1909 facturum,
729 1830 790 1894 nisi
813 1833 842 1895 ei
866 1831 1027 1919 navigium
1043 1843 1232 1916 praestarent
1247 1832 1337 1917 prius

188 1916 364 1985 insolitum.
428 1918 579 1983 Protinus
602 1920 760 2004 promisso
776 1919 943 1997 laetificati,
960 1920 1020 1983 sub
1035 1918 1190 2004 hyronica
1204 1920 1337 1984 subsan-

188 2004 319 2068 natione
344 2005 426 2069 dura
446 2028 525 2091 rupe
541 2006 570 2071 ei
593 2006 770 2070 naviculam
790 2006 962 2093 quandam,
979 2029 1076 2093 quam
1099 2007 1216 2070 corrok
1234 2007 1336 2071 nomi-

187 2103 277 2169 nant,
301 2092 544 2177 praesciderunt‚
570 2107 603 2158 et
625 2107 803 2159 statuentes
825 2093 859 2158 in
881 2094 998 2171 littore,
1016 2105 1052 2157 ut
1067 2095 1099 2156 in
1115 2116 1154 2158 ea
1169 2095 1336 2179 navigaret

186 2195 420 2265 praeceperunt.
473 2180 558 2246 Mox
580 2180 687 2268 itaque
710 2196 742 2246 et
766 2181 857 2261 [Mt]
880 2204 976 2267 super
996 2203 1068 2246 eam
1088 2180 1216 2266 signum
1231 2182 1335 2248 crucis

184 2266 297 2344 edidit,
314 2290 427 2333 curroc
441 2268 569 2353 lapidea
583 2292 678 2354 super
694 2269 795 2333 undas
811 2291 976 2356 aequoreas
991 2269 1142 2336 enatavit.
1174 2270 1227 2334 De
1242 2272 1334 2357 cujus

183 2356 354 2419 sanctitate
369 2356 576 2435 admirantes
594 2379 667 2421 cum
683 2358 743 2421 iter
758 2360 827 2443 ejus
837 2357 1102 2444 propositumque
1115 2356 1274 2444 nullisque
1287 2358 1334 2421 ul·

184 2443 284 2507 terius
298 2456 428 2527 possent
443 2445 591 2529 precibus
607 2444 771 2528 impedire,
789 2446 858 2528 ipse
881 2466 953 2507 cum
969 2457 1071 2508 matre
1094 2455 1127 2507 et
1142 2443 1234 2508 sociis
1250 2443 1332 2509 clam

182 2542 278 2594 nocte
294 2530 453 2595 discessit:
471 2546 504 2595 et
518 2532 600 2595 miro
609 2532 707 2595 modo
723 2531 756 2599 in
772 2531 901 2614 lapidea
909 2531 1060 2595 devectus
1071 2531 1228 2608 navicula,
1242 2534 1329 2616 apud

187 2616 364 2681 Galweiam
388 2620 421 2681 in
448 2620 580 2703 regione
605 2619 670 2697 illa,
696 2641 769 2705 quae
796 2618 937 2682 Rennnii
952 2632 1095 2695 vocatur,
1113 2619 1145 2681 in
1162 2632 1259 2703 portu
1275 2620 1330 2705 qui

183 2704 342 2769 Rintsnoc
357 2706 495 2783 dicitur,
527 2706 691 2791 applicuit.
756 2706 796 2769 ln
822 2709 912 2793 cujus
938 2718 1053 2792 portus
1082 2704 1191 2769 littore
1215 2727 1329 2770 curroc

180 2792 282 2857 sancti
299 2792 471 2857 Cuthberti
487 2794 613 2879 lapidea
635 2795 740 2859 adhuc
760 2793 950 2878 perdurasse
966 2792 1103 2858 videtur.
1152 2793 1231 2857 Post
1246 2794 1329 2871 haec,

181 2902 297 2945 curroc
312 2880 439 2965 lapidea
460 2880 493 2943 in
512 2882 666 2966 Galweya
681 2881 845 2959 derelicta,
859 2881 965 2945 navim
981 2881 1075 2945 aliam
1091 2880 1198 2958 subiit,
1216 2881 1328 2946 etalio

180 2980 286 3053 portu,
304 2967 358 3053 qui
376 2968 563 3054 Letherpen
580 2968 707 3046 dicitur,
720 2971 753 3032 in
768 2967 982 3052 Erregaithle‚
1015 2990 1066 3030 uae
1076 2985 1123 3031 est
1136 2980 1221 3031 terra
1236 2968 1328 3033 Scot-

180 3074 297 3133 torum,
315 3055 480 3140 applicuit.
528 3057 646 3122 Portus
662 3056 716 3119 ille
732 3056 817 3120 inter
833 2992 1034 3144 Erregaithle
1050 3066 1083 3118 et
1102 3054 1232 3139 Incegal
1247 3054 1326 3120 situs

180 3157 239 3221 est,
257 3143 345 3207 lacus
362 3165 448 3219 vero,
466 3146 522 3229 qui
544 3145 589 3208 ibi
611 3145 779 3230 proximus
794 3143 931 3228 adjacet,
949 3141 1105 3207 Loicafan
1120 3155 1253 3209 vocatus
1268 3156 1325 3209 est.

178 3232 254 3295 Non
272 3246 377 3295 tamen
393 3231 530 3317 amplius
547 3254 642 3319 quam
655 3245 720 3297 tres
741 3231 801 3296 viri
816 3254 891 3296 cum
906 3244 1010 3297 matre
1025 3244 1058 3296 et
1072 3230 1140 3294 filio
1152 3232 1325 3297 extiterant

175 3320 232 3406 qui
247 3318 478 3404 applicuerant.

636 3620 752 3707 [cnr.
769 3617 865 3701 xm]
935 3657 937 3660 ψ

217 3840 384 3905 Exeuntes
408 3841 507 3929 igitur
530 3842 572 3906 ad
596 3842 700 3927 ignem
726 3866 759 3908 se
775 3840 1031 3918 califaciendum,
1048 3842 1124 3928 quia
1138 3841 1318 3928 hybernum

172 3939 300 4013 tempus
312 3929 427 4007 extitit,
439 3943 626 3995 construere
636 3932 790 4009 volenteS‚
803 3931 887 3994 sicca
896 3941 1057 3993 sarmenta
1069 3929 1319 4018 circumquaque

170 4037 213 4079 ex
240 4017 391 4101 vepribus
423 4018 605 4083 miricarum
637 4019 846 4103 collegerunt,
875 4032 907 4082 et
933 4017 1134 4101 aggregatim
1159 4018 1190 4081 in
1221 4039 1319 4081 unum

169 4096 277 4168 locum
306 4120 568 4190 composuerunt.
615 4109 661 4172 At
685 4110 759 4192 quia
785 4106 874 4169 locus
890 4105 957 4189 ipse
980 4104 1148 4170 latrocinia
1162 4128 1199 4170 ac
1214 4104 1319 4169 homi-

169 4189 254 4255 cidia
269 4214 342 4256 cum
358 4194 476 4277 praedis
492 4207 524 4259 et
540 4192 660 4279 rapinis
676 4192 897 4257 exercentium
911 4192 1059 4278 proprius
1075 4205 1134 4271 est,
1152 4192 1256 4257 sicarii
1271 4192 1317 4256 ibi

167 4293 332 4345 morantes
356 4281 555 4360 accedentes,
581 4296 614 4345 et
629 4281 769 4346 armillas
785 4301 896 4346 aureas
911 4280 945 4343 in
959 4280 1100 4345 brachiis
1115 4278 1232 4346 nobilis
1247 4300 1317 4342 mu-

165 4360 254 4435 lieris
278 4362 393 4435 elarius
416 4362 560 4440 relucere
582 4366 740 4450 videntes,
757 4388 845 4437 caeca
867 4364 1076 4455 cupi[di]tate
1091 4364 1192 4449 ducti,
1208 4363 1317 4433 subito
