3142 5159
236 424 287 507 71
614 438 804 494 tresanus
832 440 883 491 ua
910 440 1011 491 auru

236 624 310 669 cum
335 602 487 669 lanceolis
513 602 587 667 hinc
611 616 644 667 et
668 599 743 665 inde
767 615 948 679 accurrunt,
971 616 1005 665 et
1027 600 1197 669 innocuam
1215 609 1383 675 mulierem

237 690 437 755 transfodere
459 712 497 753 ac
520 688 665 755 occidere
688 688 886 753 festinarunt.
937 683 1027 753 Idem
1051 703 1130 775 puer
1151 695 1287 770 intuens,
1304 720 1384 761 mox

236 781 277 841 ad
304 799 393 841 arma
419 776 571 841 orationis
596 774 803 852 convertitur,
829 788 861 839 et
885 776 1063 838 Dominum
1086 802 1146 863 pro
1170 786 1383 850 tantaeeladis

236 864 362 929 miseria
377 864 535 939 evitanda,
553 862 761 947 supplicando
778 863 980 928 devotissime
996 865 1199 948 deprecatur.
1250 871 1291 935 Et
1307 874 1384 960 quia

237 951 384 1036 precibus
410 950 640 1035 postulantium
667 949 730 1013 Dei
758 949 929 1014 clementia
955 952 1065 1015 abesse
1088 977 1155 1017 non
1170 957 1284 1036 renuit,
1302 962 1382 1025 dum

234 1039 317 1103 alter
332 1038 423 1103 alteri
439 1060 607 1103 occurrere
624 1036 722 1101 debui
737 1083 747 1117 ,
764 1039 886 1109 socium
902 1038 961 1101 sibi
974 1040 1104 1103 obvium
1116 1057 1148 1105 et
1160 1063 1383 1112 occursantem

235 1140 368 1210 repente
383 1125 537 1190 confodit.
581 1125 696 1210 Sicque
712 1125 722 1186 i
738 1124 758 1187 li
770 1124 834 1187 tles
844 1124 876 1187 iu
890 1124 1026 1189 invicem
1039 1129 1176 1192 confossi
1187 1138 1379 1213 occubuere,

236 1228 270 1277 et
294 1214 327 1276 iu
353 1228 515 1277 momento
540 1214 614 1277 Deo
638 1211 762 1275 vindice
786 1211 917 1295 periere.
965 1216 1052 1277 Area
1068 1215 1186 1280 deinde
1202 1224 1384 1305 composita

236 1303 402 1371 sarmentis
426 1306 637 1385 undecunque
660 1298 814 1375 collectis,
838 1314 871 1363 et
894 1303 926 1363 in
948 1301 1052 1365 acervi
1070 1326 1191 1369 morem
1208 1313 1381 1395 congestis,

236 1410 315 1456 mox
337 1392 444 1471 ignem
468 1387 509 1451 de
521 1387 608 1451 silice
624 1408 774 1469 percusso
791 1385 930 1465 eliciunt,
944 1406 978 1452 et
992 1389 1130 1456 incensis
1146 1414 1381 1464 sarmentorum

235 1475 392 1558 ligneolis,
410 1498 442 1537 se
458 1475 680 1541 calefecerunt.
730 1472 881 1559 illicoque
897 1476 1032 1563 contigit
1049 1479 1147 1543 modo
1165 1498 1199 1546 ut
1214 1507 1233 1546 a
1248 1486 1301 1549 die
1316 1487 1380 1565 illa,

236 1585 274 1627 aa
301 1561 463 1646 deinceps,
489 1584 587 1648 usque
611 1560 644 1623 in
661 1560 850 1625 hodiernum
866 1561 963 1641 diem,
976 1587 1052 1628 area
1067 1565 1136 1651 ipsa
1151 1569 1297 1653 ligneolis
1314 1574 1381 1639 sive

236 1650 406 1715 sarmentis
429 1647 681 1734 superimpositis
705 1670 761 1729 per
783 1672 817 1712 se
834 1650 891 1715 fiat
907 1652 1079 1735 ignivoma,
1097 1678 1193 1741 quam
1208 1657 1323 1725 incoloe
1339 1686 1383 1727 ex

235 1737 351 1805 merito
374 1740 464 1823 pueri
486 1738 572 1803 illius
593 1736 776 1823 provenisse
792 1737 962 1803 affirmant.

678 2044 797 2128 [cae.
814 2044 927 2133 xxa]

279 2270 324 2335 At
341 2278 451 2345 mater,
470 2270 587 2333 'exinde
604 2271 795 2353 procedens,
810 2292 883 2335 cum
893 2272 934 2335 ad
947 2273 1025 2336 fines
1039 2275 1157 2341 Scotiae
1170 2282 1379 2363 pervenisset,

238 2359 373 2423 Sanctus
399 2357 559 2421 Columba
581 2356 702 2442 primus
725 2360 893 2442 episcopus
916 2359 947 2421 in
967 2362 1099 2425 Dunkel
1122 2381 1381 2448 puerumsusce-

234 2448 291 2529 pit,
317 2467 441 2533 unaque
465 2466 536 2507 cunr
563 2444 704 2529 puellula
718 2445 866 2531 quadarn,
884 2448 1015 2512 nomine
1030 2451 1171 2539 Brigida,
1188 2476 1232 2519 ex
1249 2456 1380 2543 Hyber-

234 2536 288 2597 nia
317 2534 452 2598 oriunda
480 2532 619 2610 retinuit,
646 2548 678 2597 et
705 2533 900 2620 aliquamdiu
926 2536 1082 2602 educavit.
1143 2541 1288 2608 Tandem
1316 2562 1380 2613 tres

233 2624 387 2687 australes
411 2620 516 2687 clerici
543 2622 583 2685 de
609 2622 740 2704 regione
767 2621 958 2709 Anglorum,
985 2626 1039 2711 qui
1066 2626 1098 2689 in
1115 2630 1258 2695 excubiis
1274 2656 1379 2699 secre-

234 2709 367 2773 tioribus
400 2708 559 2793 Episcopo
584 2710 811 2785 deservierant,
837 2710 943 2792 pueris
969 2711 1045 2796 ipsis
1072 2709 1115 2778 ob
1137 2716 1379 2786 familiariorem

232 2795 354 2860 domini
375 2797 423 2859 sili
447 2798 583 2885 gratiam
600 2795 741 2861 insidiari
757 2818 795 2859 ac
810 2797 953 2862 invidere
970 2822 1033 2863 uon
1050 2801 1250 2875 desinebant.
1299 2810 1380 2876 Erat

231 2882 329 2967 igilur
341 2884 499 2970 praedieto
516 2883 676 2967 Episcopo
685 2886 761 2961 avis,
778 2884 874 2971 vulgo
884 2887 1006 2951 merula
1016 2904 1139 2967 vocata,
1150 2914 1224 2977 quae
1238 2895 1379 2966 humano

232 2973 470 3058 quodammodo
497 2972 622 3047 edocta,
649 2972 796 3041 omnibus
821 2995 893 3035 eam
920 2997 1060 3057 pascere,
1087 2996 1300 3060 contrectare,
1327 2987 1378 3051 vel

231 3061 361 3145 palpare
383 3060 573 3135 volentibus,
591 3073 660 3123 erat
676 3059 886 3143 pacatissima,
904 3061 1090 3142 domestica,
1108 3089 1145 3129 ac
1161 3071 1379 3135 mansuetissi-

232 3168 293 3212 mas
352 3148 403 3211 Ex
428 3170 491 3233 qua
515 3146 681 3210 occasione
712 3162 879 3233 concepta,
908 3150 1053 3214 clanculo
1083 3155 1238 3221 aviculam
1270 3159 1379 3224 cleriei

230 3247 406 3317 peremerat
430 3236 591 3319 ipsiusque
615 3255 740 3301 necem.
751 3236 857 3317 pueris
873 3259 947 3299 cum
963 3240 1166 3306 accusatione
1184 3246 1379 3331 nequissima

230 3321 421 3405 imposuere.
480 3321 574 3385 Pueri
602 3343 678 3383 vero
703 3320 883 3383 adinvicem
908 3326 1023 3402 moesti,
1046 3328 1167 3393 facinus
1192 3330 1376 3416 impositum

230 3409 445 3493 abnegabant.
492 3407 669 3491 Episcopus
692 3421 800 3471 tamen
822 3408 897 3472 satis
914 3410 1045 3478 istorum
1059 3418 1210 3499 cognovit
1223 3420 1378 3486 innocen-

230 3498 317 3567 tiam,
343 3511 375 3560 et
392 3495 527 3560 aliorum
544 3518 622 3579 erga
637 3494 706 3578 illos
724 3497 908 3581 nequitiam,
920 3520 978 3562 nec
992 3514 1099 3565 tamen
1115 3504 1194 3568 alios
1209 3507 1278 3570 aliis
1294 3531 1378 3593 pree-

229 3608 349 3670 ponere
362 3584 473 3661 voluit,
488 3584 544 3648 sed
557 3582 819 3647 contendentium
830 3586 949 3668 probra
961 3588 1154 3655 conticendo
1167 3598 1375 3679 compescuit.

231 3673 303 3737 Tali
320 3674 528 3737 accusationis
545 3669 678 3735 crimine
693 3670 784 3754 pueri
801 3672 832 3733 in
849 3683 882 3734 se
898 3673 1033 3752 confusi,
1051 3677 1092 3739 ad
1107 3682 1376 3764 expostulandam

230 3759 364 3826 Domini
388 3781 530 3843 superse
550 3759 760 3834 clementiam,
778 3758 917 3822 exanimi
940 3774 1010 3825 toto
1025 3766 1193 3831 conamine
1210 3784 1284 3833 sunt
1300 3794 1376 3834 con-

230 3850 322 3911 versi.
369 3846 467 3910 Un‘de
492 3844 523 3909 in
548 3848 709 3929 presentia
726 3846 878 3929 Episcopi
895 3848 1001 3931 positi,
1019 3872 1097 3934 puer
1116 3854 1315 3935 Cuthbertus
1331 3862 1377 3924 ita

229 3934 271 3999 ad
297 3936 403 3997 Deum
428 3933 561 4016 perfusis
585 3932 732 4016 precibus
756 3956 889 4002 exorsus
905 3952 962 4000 est.
1011 3948 1033 3979 “
1050 3940 1114 4019 Tu,
1133 3936 1235 4021 Deus,
1252 3950 1377 4011 conscj.

229 4021 387 4086 entiarum
404 4022 544 4084 omnium
563 4020 722 4103 inspector
737 4036 769 4085 et
783 4021 913 4098 arbiter,
931 4039 1038 4097 utrum
1051 4049 1107 4091 uos
1120 4030 1271 4096 facinoris
1283 4033 1376 4117 hujus

227 4110 381 4174 fuerimus
397 4127 596 4184 executores,
610 4108 652 4172 da
666 4107 818 4175 indicium
837 4123 900 4173 tuae
918 4113 1162 4195 magnificentiae
1177 4142 1214 4183 ac
1229 4125 1352 4186 virtutis
1367 4147 1375 4199 r

227 4194 366 4284 petlinus
388 4211 424 4261 ut
439 4197 626 4283 quantocius
642 4198 749 4284 qualia
764 4198 1022 4278 commeruimus,
1039 4225 1124 4268 nunc
1139 4205 1280 4273 instante
1295 4209 1376 4277 hora

227 4285 461 4373 percipiamus,
485 4282 560 4371 qula
581 4281 607 4349 sl
632 4289 737 4373 n'equc
761 4287 860 4354 talem
885 4310 1024 4374 uuquam
1040 4295 1248 4379 concepimus
1262 4298 1377 4385 nequi·

228 4376 319 4455 tiaras
341 4389 397 4439 aut
419 4372 576 4461 pelficere
598 4372 856 4453 deliberavimus,
879 4375 1085 4446 obsecramus
1100 4394 1148 4462 ut,
1165 4384 1304 4451 dextera
1318 4401 1377 4453 tua
