3142 5159
264 509 287 571 l
712 520 805 568 vrrs
833 519 970 569 oswrxr

261 705 375 749 narum
391 680 614 759 exuberantia,
632 694 668 745 ut
684 682 814 760 assolet,
831 682 972 747 animum
992 682 1060 768 ejus
1076 681 1273 745 abstractum
1290 682 1400 746 illexit
1416 704 1429 757 ;

264 774 341 859 quia
357 770 475 835 divitiis
495 769 698 834 affluentibus
715 793 771 834 cor
785 794 851 834 non
873 792 1049 858 apponens,
1065 792 1160 833 usum
1175 792 1217 833 ex
1234 770 1280 834 eis
1296 791 1426 854 semper

268 859 427 945 quaesivit,
443 880 508 922 non
531 858 644 921 luxum
667 856 769 922 ineis.
819 860 968 946 Cumque
986 862 1084 945 justae
1106 857 1187 941 legis
1202 857 1427 922 moderamine

268 949 426 1033 subjectas
438 957 567 1030 regeret
579 946 700 1032 plebes,
714 946 781 1031 ipse
799 945 971 1011 Dominica
982 946 1055 1030 lege
1070 945 1139 1029 regi
1155 959 1188 1008 et
1204 946 1325 1010 erudiri
1337 944 1426 1008 omni

270 1033 484 1098 sollicitudine
500 1034 662 1097 studebat.
709 1033 861 1098 Terrenis
878 1056 1014 1120 namque
1030 1034 1126 1097 rebus
1142 1033 1184 1097 ad
1202 1046 1316 1098 votum
1332 1032 1425 1096 afflu-

272 1145 339 1199 ens,
357 1122 413 1185 sed
430 1143 485 1185 cor
500 1143 565 1184 non
580 1142 756 1205 epponem,
774 1121 887 1185 eadem
903 1145 936 1186 se
957 1120 1145 1184 humilitatis
1162 1120 1245 1185 linea
1259 1120 1428 1184 modifica·

272 1210 329 1273 bat
339 1209 408 1294 jam
421 1208 454 1271 in
468 1230 604 1293 regnum
618 1208 818 1286 sublimatus,
833 1210 896 1295 qna
911 1220 1121 1273 consueverat
1137 1209 1236 1272 exilio
1247 1208 1408 1292 relegatus
1416 1231 1429 1282 ;

274 1310 309 1360 et
324 1296 541 1360 conditionem
557 1310 680 1358 naturae
696 1294 842 1373 similem,
856 1312 890 1360 et
905 1296 986 1380 regii
1001 1295 1120 1380 gradlrs
1135 1295 1320 1359 dissimilem
1342 1316 1428 1358 sem-

274 1406 332 1469 per
347 1384 529 1460 attendens,
546 1381 708 1445 bominem
724 1406 758 1447 se
774 1383 956 1448 bominibus
970 1383 1063 1448 bonis
1079 1406 1116 1447 ac
1132 1383 1297 1459 modestis,
1315 1404 1428 1466 regern

276 1469 353 1536 vero
374 1470 449 1533 feris
472 1492 509 1533 ac
532 1468 706 1546 indomitis,
723 1469 755 1533 in
778 1472 937 1559 regimine
950 1471 1143 1546 exhibebat3
1160 1483 1193 1535 et
1216 1470 1344 1533 illorum
1358 1492 1429 1532 mo-

274 1557 411 1622 destiam
427 1556 560 1641 praeibat
572 1556 739 1635 modestia,
754 1558 912 1623 ethorum
924 1559 1085 1622 feritatem
1098 1558 1228 1622 feritate
1240 1558 1428 1643 premebat3

276 1660 373 1731 atque
386 1645 427 1707 ad
443 1644 552 1707 omnia
563 1643 734 1729 spiritualis
750 1646 898 1710 exercitii
913 1645 1010 1710 studii
1026 1669 1060 1709 se
1072 1646 1272 1729 accingebat,
1286 1646 1344 1709 sed
1358 1645 1430 1729 opi-

275 1734 335 1795 bus
348 1731 574 1796 misericordiae
587 1731 770 1816 diligentins
783 1757 816 1798 se
829 1746 934 1798 totum
943 1734 1141 1798 effundebat.
1177 1734 1207 1798 Ο
1218 1733 1351 1817 plenum
1360 1732 1430 1817 pie-

278 1832 346 1883 tate
356 1819 474 1884 viruml
487 1818 669 1885 diademate
680 1820 828 1908 dignuml
852 1822 901 1885 Eo
911 1836 1055 1906 tempore
1067 1820 1427 1907 Nordthanymbrorum

276 1907 472 1993 provinciam
485 1908 561 1971 cura
571 1909 723 1992 pastorali
738 1910 872 1993 regebat
887 1908 1087 1973 beatissimus
1107 1908 1249 1971 Aidanus
1259 1906 1430 1991 pontifex;

279 2018 376 2081 quem
397 1996 545 2059 Scottum
560 2018 689 2079 genere,
707 1995 772 2059 fide
788 1996 992 2074 catholicum,
1014 1998 1148 2060 Sanctus
1167 1996 1240 2059 Rex
1261 1994 1429 2060 Oswaldus

281 2083 313 2145 in
336 2082 535 2167 pontificium
551 2082 778 2160 sullimaverat,
797 2084 929 2170 ejusque
944 2083 1185 2169 praedicatione,
1202 2082 1310 2146 divina
1325 2081 1430 2166 gratia

281 2183 412 2255 gentem
428 2192 492 2233 non
515 2168 675 2233 modicam
691 2169 732 2233 ad
759 2170 857 2235 Cristi
871 2171 967 2235 fidem
983 2184 1198 2237 converterat.
1245 2170 1355 2253 Hujus
1371 2171 1432 2232 viri

280 2256 468 2320 sanctissimi
484 2279 526 2321 ex
545 2256 778 2321 consuetudine
798 2258 937 2322 officinm
953 2270 1032 2336 erat,
1049 2259 1176 2344 plebem
1200 2256 1259 2321 sibi
1282 2258 1430 2321 commis-

281 2367 347 2407 sam
364 2366 430 2406 non
449 2342 552 2406 solum
575 2343 608 2405 in
624 2343 757 2408 ecclesia
779 2346 908 2424 docere,
925 2346 982 2410 sed
1004 2349 1101 2409 etiam
1125 2359 1256 2431 propter
1270 2344 1432 2408 nascentis

281 2432 359 2495 fidei
378 2430 624 2495 teneritudinem
640 2431 836 2516 provinciam
848 2434 1077 2498 circumeundo
1092 2433 1235 2497 fidelium
1251 2432 1364 2495 domos
1380 2430 1430 2494 in-

281 2534 377 2597 trare,
406 2518 561 2605 verbique
592 2518 690 2582 divini
717 2519 837 2585 semina
860 2544 919 2607 pro
949 2534 1045 2607 captu
1072 2521 1268 2605 singulorum
1294 2520 1326 2582 in
1350 2541 1428 2603 agro

281 2606 386 2670 cordis
402 2629 513 2671 eorum
529 2605 672 2670 cominus
692 2630 854 2692 spargere.
901 2609 965 2673 Hic
987 2608 1096 2697 itaque
1112 2621 1211 2671 tantae
1231 2607 1262 2670 in
1283 2606 1430 2670 commis-

281 2716 353 2759 sum
368 2692 427 2757 smi
442 2717 573 2778 gregem
590 2694 811 2759 sollicitudinis
827 2696 874 2759 vir
889 2697 931 2761 ad
950 2697 1103 2761 Sanctum
1119 2696 1303 2780 Deyrorum
1320 2715 1429 2778 regern

284 2780 451 2845 Oswinum
466 2782 508 2845 ob
528 2781 690 2869 religionis
706 2782 774 2866 ejus
797 2783 1006 2867 fragrantiam
1020 2784 1128 2847 venire
1152 2782 1278 2867 saepius,
1295 2795 1329 2845 et
1344 2781 1431 2865 apud

282 2890 356 2932 eum
371 2890 512 2945 manere,
530 2868 715 2943 consuevit3
739 2870 907 2956 ipsumque
923 2871 955 2933 in
970 2869 1063 2934 bonis
1078 2870 1201 2933 actibus
1223 2890 1430 2954 perseveran-

281 2968 360 3035 tem,
377 2956 419 3020 ad
433 2955 567 3020 meliora
581 2968 614 3020 et
633 2956 840 3041 perfectionis
855 2956 1014 3021 ulterioris
1029 2979 1152 3021 summa
1175 2957 1332 3043 proficere
1347 2978 1432 3019 sem-

281 3066 340 3129 per
367 3043 582 3119 commonuit3
614 3057 646 3108 et
671 3042 746 3130 quia
775 3067 834 3129 per
856 3044 1045 3131 martyrium
1071 3045 1112 3108 ad
1136 3045 1266 3109 caeleste
1292 3066 1429 3128 regnum

281 3132 471 3195 transiturus
484 3143 578 3208 esset,
595 3130 713 3217 Spiritu
731 3132 850 3195 Sancto
862 3132 995 3197 edoctus
1006 3132 1213 3218 praedicebat.
1263 3131 1430 3217 Siquidem

280 3241 341 3283 rex
356 3219 444 3282 illum
461 3232 496 3281 ut
512 3217 615 3280 virum
630 3232 775 3283 sanctum
790 3219 975 3305 suscipiens,
988 3221 1086 3284 verba
1101 3220 1176 3284 vitae
1198 3219 1429 3305 praedicantem

281 3305 453 3391 diligenter
464 3304 635 3381 audiebat3
652 3318 684 3369 et
694 3318 730 3369 ut
742 3306 947 3371 dilectissimo
958 3308 1042 3392 patri
1057 3306 1107 3392 pie
1118 3308 1274 3383 subditus,
1288 3307 1330 3370 ad
1345 3305 1431 3370 illius

282 3392 346 3457 oris
370 3392 539 3477 imperium
565 3394 664 3456 etiam
688 3392 770 3457 male
797 3409 890 3483 gesta
916 3394 1095 3482 siquando
1121 3394 1429 3480 reprehendebatur,

282 3479 444 3565 corrigere
460 3481 638 3570 satagebat.
686 3481 864 3567 Episcopus
880 3482 955 3547 verb
970 3482 1056 3567 regis
1071 3482 1255 3552 humilitate
1268 3495 1302 3546 et
1317 3480 1432 3545 obedi-

281 3568 369 3633 entia
392 3568 525 3632 nimium
551 3567 792 3647 delectabatur3
823 3584 856 3634 et
886 3593 960 3635 cum
985 3569 1040 3635 illo
1066 3593 1152 3657 saepe
1175 3570 1217 3634 de
1241 3581 1430 3653 contemptu

280 3655 404 3733 mundi,
419 3656 460 3721 de
476 3654 612 3720 caelestis
628 3655 703 3719 vitae
719 3656 901 3735 dulcedine,
918 3658 960 3723 de
975 3658 1077 3743 gloria
1096 3660 1297 3735 Sanctorum,
1314 3656 1431 3721 famili-

280 3746 380 3808 ariter
395 3743 680 3808 sermocinabatur.
729 3743 802 3808 Rex
819 3760 927 3809 antem
943 3746 1033 3811 verbi
1050 3745 1115 3810 Dei
1129 3767 1332 3831 nequaquam
1347 3743 1431 3808 obli-

279 3830 386 3895 viosus
402 3830 541 3908 auditor,
558 3830 616 3894 sed
639 3829 798 3895 studiosus
814 3847 965 3917 operator
983 3835 1128 3911 effectus
1149 3833 1326 3897 secundum
1340 3832 1426 3932 qnod

246 3972 248 3979 ,
278 3919 298 3983 a
327 3920 414 3983 bono
443 3917 597 4001 magistro
627 3917 793 3997 didicerat,
824 3920 966 3985 omnium
996 3944 1105 3985 curam
1131 3921 1265 4005 paterna
1295 3930 1430 3983 cantate

277 4028 406 4091 gerens,
432 4027 588 4090 pauperes
619 4018 652 4069 et
681 4004 820 4070 maxime
850 4008 1036 4093 peregrinos
1065 4005 1203 4093 benigne
1233 4007 1430 4092 recipiebat;

278 4093 455 4157 esurientes
479 4093 577 4171 alens,
593 4093 696 4157 nudos
709 4094 858 4172 vestiens,
876 4109 909 4159 et
925 4096 1071 4160 omnibus
1088 4100 1154 4183 ejus
1176 4094 1335 4159 beneficia
1356 4117 1432 4179 pos-

278 4180 455 4245 tulantibus
482 4180 624 4245 hilariter
648 4181 847 4266 impendens
894 4184 1057 4270 Factaque
1081 4196 1130 4247 est
1152 4184 1236 4247 inter
1259 4205 1314 4247 eos
1338 4195 1430 4246 tanta

271 4284 399 4334 ,mutnae
422 4268 562 4332 caritatis
586 4268 819 4348 confederatio,
837 4287 873 4334 ut
896 4271 969 4335 Rex
986 4284 1130 4335 sanctum
1146 4271 1316 4356 praesnlem
1335 4270 1428 4357 quasi

278 4355 344 4420 Dei
360 4357 511 4440 angelum
526 4357 678 4421 haberet:
696 4358 829 4443 ejusque
845 4358 973 4421 monitis
989 4371 1142 4445 tanquam
1157 4357 1281 4422 caelitlrs
1296 4358 1429 4421 manda-

276 4444 317 4508 tis
333 4445 580 4529 obtemperaret.
630 4443 782 4509 Pontifex
798 4468 876 4509 vero
903 4445 1028 4530 Regem
1049 4460 1203 4534 tanquam
1226 4445 1343 4509 animae
1359 4447 1429 4530 ejus

274 4531 455 4617 portionem
472 4531 643 4620 diligeret3
667 4546 699 4596 et
716 4555 812 4611 nnnc,
830 4534 855 4596 si
872 4532 948 4619 quid
972 4534 1006 4598 in
1021 4535 1117 4600 rebus
1133 4533 1242 4599 saeculi
1259 4546 1294 4598 ut
1310 4534 1429 4598 assolet
