<?xml version="1.0" encoding="UTF-8"?>
<!DOCTYPE html PUBLIC "-//W3C//DTD XHTML 1.0 Transitional//EN"
    "http://www.w3.org/TR/xhtml1/DTD/xhtml1-transitional.dtd">
<html xmlns="http://www.w3.org/1999/xhtml" xml:lang="en" lang="en">
 <head>
  <title>
</title>
<meta http-equiv="Content-Type" content="text/html;charset=utf-8" />
  <meta name='ocr-system' content='tesseract 3.04.00' />
  <meta name='ocr-capabilities' content='ocr_page ocr_carea ocr_par ocr_line ocrx_word'/>
</head>
<body>
  <div class='ocr_page' id='page_1' title='image "./miscellaneabiog02raingoog_0033.png"; bbox 0 0 3142 5159; ppageno 0'>
   <div class='ocr_carea' id='block_1_1' title="bbox 582 499 1345 566">
    <p class='ocr_par' dir='ltr' id='par_1_1' title="bbox 582 499 1345 566">
     <span class='ocr_line' id='line_1_1' title="bbox 582 499 1345 566; baseline 0.012 -15"><span class='ocrx_word' id='word_1_1' title='bbox 582 503 693 552; x_wconf 83' lang='lat' dir='ltr'>nuors</span> <span class='ocrx_word' id='word_1_2' title='bbox 720 504 943 555; x_wconf 82' lang='lat' dir='ltr'>nnmonuu.</span> <span class='ocrx_word' id='word_1_3' title='bbox 1262 547 1269 566; x_wconf 81' lang='lat'>.</span> <span class='ocrx_word' id='word_1_4' title='bbox 1297 499 1345 562; x_wconf 80' lang='lat'>13</span> 
     </span>
    </p>
   </div>
   <div class='ocr_carea' id='block_1_2' title="bbox 189 664 1346 1802">
    <p class='ocr_par' dir='ltr' id='par_1_2' title="bbox 189 664 1346 1802">
     <span class='ocr_line' id='line_1_2' title="bbox 189 664 1344 756; baseline 0.008 -26"><span class='ocrx_word' id='word_1_5' title='bbox 189 665 358 751; x_wconf 88' lang='lat' dir='ltr'>potuisset.</span> <span class='ocrx_word' id='word_1_6' title='bbox 406 664 607 730; x_wconf 82' lang='lat' dir='ltr'>Catervatim</span> <span class='ocrx_word' id='word_1_7' title='bbox 630 664 729 749; x_wconf 93' lang='lat' dir='ltr'>igitur</span> <span class='ocrx_word' id='word_1_8' title='bbox 752 666 794 730; x_wconf 89' lang='lat' dir='ltr'>de</span> <span class='ocrx_word' id='word_1_9' title='bbox 816 668 948 731; x_wconf 88' lang='lat' dir='ltr'>remotis</span> <span class='ocrx_word' id='word_1_10' title='bbox 972 667 1115 753; x_wconf 90' lang='lat' dir='ltr'>partibus</span> <span class='ocrx_word' id='word_1_11' title='bbox 1136 674 1247 756; x_wconf 89' lang='lat' dir='ltr'>populi</span> <span class='ocrx_word' id='word_1_12' title='bbox 1271 697 1344 739; x_wconf 91' lang='lat' dir='ltr'>cum</span> 
     </span>
     <span class='ocr_line' id='line_1_3' title="bbox 190 753 1344 855; baseline 0.007 -36"><span class='ocrx_word' id='word_1_13' title='bbox 190 756 311 819; x_wconf 90' lang='lat' dir='ltr'>devoto</span> <span class='ocrx_word' id='word_1_14' title='bbox 326 753 479 839; x_wconf 89' lang='lat' dir='ltr'>episcopo</span> <span class='ocrx_word' id='word_1_15' title='bbox 501 753 543 817; x_wconf 89' lang='lat' dir='ltr'>ad</span> <span class='ocrx_word' id='word_1_16' title='bbox 562 754 670 825; x_wconf 90' lang='lat' dir='ltr'>locum</span> <span class='ocrx_word' id='word_1_17' title='bbox 686 753 820 818; x_wconf 89' lang='lat' dir='ltr'>veniunt</span> <span class='ocrx_word' id='word_1_18' title='bbox 841 769 962 819; x_wconf 86' lang='lat' dir='ltr'>sanctae</span> <span class='ocrx_word' id='word_1_19' title='bbox 977 757 1184 855; x_wconf 85' lang='lat' dir='ltr'>requietionis</span> <span class='ocrx_word' id='word_1_20' title='bbox 1200 787 1210 836; x_wconf 90' lang='lat'>;</span> <span class='ocrx_word' id='word_1_21' title='bbox 1235 761 1344 849; x_wconf 87' lang='lat' dir='ltr'>ibique</span> 
     </span>
     <span class='ocr_line' id='line_1_4' title="bbox 190 840 1344 926; baseline 0.008 -21"><span class='ocrx_word' id='word_1_22' title='bbox 190 844 401 906; x_wconf 83' lang='lat' dir='ltr'>concionante</span> <span class='ocrx_word' id='word_1_23' title='bbox 411 842 470 905; x_wconf 91' lang='lat' dir='ltr'>sub</span> <span class='ocrx_word' id='word_1_24' title='bbox 482 841 608 904; x_wconf 72' lang='lat' dir='ltr'>morosa</span> <span class='ocrx_word' id='word_1_25' title='bbox 618 840 791 904; x_wconf 82' lang='lat' dir='ltr'>devotione</span> <span class='ocrx_word' id='word_1_26' title='bbox 802 842 967 926; x_wconf 88' lang='lat' dir='ltr'>pontifice,</span> <span class='ocrx_word' id='word_1_27' title='bbox 978 844 1167 909; x_wconf 81' lang='lat' dir='ltr'>universitas</span> <span class='ocrx_word' id='word_1_28' title='bbox 1179 848 1344 914; x_wconf 88' lang='lat' dir='ltr'>hominum</span> 
     </span>
     <span class='ocr_line' id='line_1_5' title="bbox 190 928 1345 1024; baseline 0.01 -33"><span class='ocrx_word' id='word_1_29' title='bbox 190 929 246 1016; x_wconf 93' lang='lat' dir='ltr'>qui</span> <span class='ocrx_word' id='word_1_30' title='bbox 261 929 374 992; x_wconf 88' lang='lat' dir='ltr'>aderat</span> <span class='ocrx_word' id='word_1_31' title='bbox 389 928 533 1013; x_wconf 76' lang='lat' dir='ltr'>praesulis</span> <span class='ocrx_word' id='word_1_32' title='bbox 543 928 675 992; x_wconf 87' lang='lat' dir='ltr'>hortatu</span> <span class='ocrx_word' id='word_1_33' title='bbox 689 941 851 1011; x_wconf 85' lang='lat' dir='ltr'>prostrata</span> <span class='ocrx_word' id='word_1_34' title='bbox 866 943 915 992; x_wconf 92' lang='lat' dir='ltr'>est</span> <span class='ocrx_word' id='word_1_35' title='bbox 932 929 963 992; x_wconf 91' lang='lat' dir='ltr'>in</span> <span class='ocrx_word' id='word_1_36' title='bbox 975 931 1132 1011; x_wconf 86' lang='lat' dir='ltr'>oratione,</span> <span class='ocrx_word' id='word_1_37' title='bbox 1144 936 1345 1024; x_wconf 79' lang='lat' dir='ltr'><strong>gratiamque</strong></span> 
     </span>
     <span class='ocr_line' id='line_1_6' title="bbox 191 1015 1346 1102; baseline 0.01 -23"><span class='ocrx_word' id='word_1_38' title='bbox 191 1015 377 1080; x_wconf 91' lang='lat' dir='ltr'>inveniendi</span> <span class='ocrx_word' id='word_1_39' title='bbox 392 1016 507 1102; x_wconf 89' lang='lat' dir='ltr'>quibus</span> <span class='ocrx_word' id='word_1_40' title='bbox 527 1015 668 1080; x_wconf 81' lang='lat' dir='ltr'>animum</span> <span class='ocrx_word' id='word_1_41' title='bbox 684 1016 851 1101; x_wconf 85' lang='lat' dir='ltr'>quaerendi</span> <span class='ocrx_word' id='word_1_42' title='bbox 862 1016 1041 1101; x_wconf 91' lang='lat' dir='ltr'>preciosum</span> <span class='ocrx_word' id='word_1_43' title='bbox 1057 1019 1242 1086; x_wconf 88' lang='lat' dir='ltr'>thesaurum</span> <span class='ocrx_word' id='word_1_44' title='bbox 1253 1024 1346 1089; x_wconf 91' lang='lat' dir='ltr'>Deus</span> 
     </span>
     <span class='ocr_line' id='line_1_7' title="bbox 192 1102 1346 1196; baseline 0.007 -28"><span class='ocrx_word' id='word_1_45' title='bbox 192 1104 338 1181; x_wconf 85' lang='lat' dir='ltr'><strong>dederat,</strong></span> <span class='ocrx_word' id='word_1_46' title='bbox 356 1103 496 1167; x_wconf 91' lang='lat' dir='ltr'>unanimi</span> <span class='ocrx_word' id='word_1_47' title='bbox 519 1114 637 1187; x_wconf 91' lang='lat' dir='ltr'>rogant</span> <span class='ocrx_word' id='word_1_48' title='bbox 659 1102 853 1187; x_wconf 83' lang='lat' dir='ltr'>precamine.</span> <span class='ocrx_word' id='word_1_49' title='bbox 912 1104 1073 1189; x_wconf 85' lang='lat' dir='ltr'>Surgente</span> <span class='ocrx_word' id='word_1_50' title='bbox 1094 1107 1204 1195; x_wconf 90' lang='lat' dir='ltr'>itaque</span> <span class='ocrx_word' id='word_1_51' title='bbox 1223 1114 1346 1196; x_wconf 90' lang='lat' dir='ltr'>populo</span> 
     </span>
     <span class='ocr_line' id='line_1_8' title="bbox 191 1189 1345 1274; baseline 0.007 -19"><span class='ocrx_word' id='word_1_52' title='bbox 191 1192 234 1255; x_wconf 90' lang='lat' dir='ltr'>ab</span> <span class='ocrx_word' id='word_1_53' title='bbox 249 1191 406 1267; x_wconf 90' lang='lat' dir='ltr'>oratione,</span> <span class='ocrx_word' id='word_1_54' title='bbox 423 1190 559 1253; x_wconf 88' lang='lat' dir='ltr'>ministri</span> <span class='ocrx_word' id='word_1_55' title='bbox 574 1189 692 1254; x_wconf 91' lang='lat' dir='ltr'>adhoc</span> <span class='ocrx_word' id='word_1_56' title='bbox 708 1190 856 1274; x_wconf 89' lang='lat' dir='ltr'>deputati</span> <span class='ocrx_word' id='word_1_57' title='bbox 871 1190 903 1253; x_wconf 91' lang='lat' dir='ltr'>iu</span> <span class='ocrx_word' id='word_1_58' title='bbox 915 1192 1058 1257; x_wconf 76' lang='lat' dir='ltr'>oratorio</span> <span class='ocrx_word' id='word_1_59' title='bbox 1073 1195 1217 1259; x_wconf 79' lang='lat' dir='ltr'>ecclesiae</span> <span class='ocrx_word' id='word_1_60' title='bbox 1232 1198 1345 1264; x_wconf 86' lang='lat' dir='ltr'>fodere</span> 
     </span>
     <span class='ocr_line' id='line_1_9' title="bbox 191 1276 1345 1364; baseline 0.007 -22"><span class='ocrx_word' id='word_1_61' title='bbox 191 1290 340 1363; x_wconf 88' lang='lat' dir='ltr'>satagunt</span> <span class='ocrx_word' id='word_1_62' title='bbox 353 1301 362 1352; x_wconf 94' lang='lat'>;</span> <span class='ocrx_word' id='word_1_63' title='bbox 386 1292 419 1342; x_wconf 90' lang='lat' dir='ltr'>et</span> <span class='ocrx_word' id='word_1_64' title='bbox 435 1300 530 1341; x_wconf 88' lang='lat' dir='ltr'>omne</span> <span class='ocrx_word' id='word_1_65' title='bbox 547 1290 674 1361; x_wconf 90' lang='lat' dir='ltr'>tempus</span> <span class='ocrx_word' id='word_1_66' title='bbox 696 1276 717 1341; x_wconf 73' lang='lat' dir='ltr'>d</span> <span class='ocrx_word' id='word_1_67' title='bbox 737 1277 842 1361; x_wconf 69' lang='lat' dir='ltr'>prima</span> <span class='ocrx_word' id='word_1_68' title='bbox 861 1300 963 1364; x_wconf 89' lang='lat' dir='ltr'>usque</span> <span class='ocrx_word' id='word_1_69' title='bbox 977 1279 1019 1343; x_wconf 90' lang='lat' dir='ltr'>ad</span> <span class='ocrx_word' id='word_1_70' title='bbox 1034 1279 1148 1346; x_wconf 91' lang='lat' dir='ltr'>horam</span> <span class='ocrx_word' id='word_1_71' title='bbox 1162 1297 1288 1349; x_wconf 83' lang='lat' dir='ltr'>sextam</span> <span class='ocrx_word' id='word_1_72' title='bbox 1311 1287 1345 1350; x_wconf 88' lang='lat' dir='ltr'>in</span> 
     </span>
     <span class='ocr_line' id='line_1_10' title="bbox 191 1364 1345 1451; baseline 0.008 -22"><span class='ocrx_word' id='word_1_73' title='bbox 191 1366 346 1430; x_wconf 88' lang='lat' dir='ltr'>fodiendo</span> <span class='ocrx_word' id='word_1_74' title='bbox 362 1364 545 1429; x_wconf 86' lang='lat' dir='ltr'>alternatim</span> <span class='ocrx_word' id='word_1_75' title='bbox 561 1364 753 1447; x_wconf 88' lang='lat' dir='ltr'>transigunt,</span> <span class='ocrx_word' id='word_1_76' title='bbox 771 1364 830 1428; x_wconf 93' lang='lat' dir='ltr'>sed</span> <span class='ocrx_word' id='word_1_77' title='bbox 846 1365 942 1430; x_wconf 89' lang='lat' dir='ltr'>nichil</span> <span class='ocrx_word' id='word_1_78' title='bbox 957 1366 1141 1451; x_wconf 88' lang='lat' dir='ltr'>proficiunt.</span> <span class='ocrx_word' id='word_1_79' title='bbox 1175 1371 1345 1438; x_wconf 86' lang='lat' dir='ltr'>Rimantur</span> 
     </span>
     <span class='ocr_line' id='line_1_11' title="bbox 192 1452 1345 1544; baseline 0.008 -27"><span class='ocrx_word' id='word_1_80' title='bbox 192 1466 288 1517; x_wconf 85' lang='lat' dir='ltr'>terrae</span> <span class='ocrx_word' id='word_1_81' title='bbox 318 1454 450 1530; x_wconf 88' lang='lat' dir='ltr'>viscera,</span> <span class='ocrx_word' id='word_1_82' title='bbox 482 1465 516 1516; x_wconf 92' lang='lat' dir='ltr'>et</span> <span class='ocrx_word' id='word_1_83' title='bbox 547 1465 642 1515; x_wconf 83' lang='lat' dir='ltr'>terrae</span> <span class='ocrx_word' id='word_1_84' title='bbox 672 1452 843 1515; x_wconf 91' lang='lat' dir='ltr'>commissa</span> <span class='ocrx_word' id='word_1_85' title='bbox 871 1475 937 1516; x_wconf 93' lang='lat' dir='ltr'>non</span> <span class='ocrx_word' id='word_1_86' title='bbox 965 1455 1170 1538; x_wconf 89' lang='lat' dir='ltr'>reperiuntur</span> <span class='ocrx_word' id='word_1_87' title='bbox 1198 1460 1345 1544; x_wconf 84' lang='lat' dir='ltr'>pignora.</span> 
     </span>
     <span class='ocr_line' id='line_1_12' title="bbox 195 1538 1343 1627; baseline 0.006 -21"><span class='ocrx_word' id='word_1_88' title='bbox 195 1543 435 1627; x_wconf 88' lang='lat' dir='ltr'>Coeperuntque</span> <span class='ocrx_word' id='word_1_89' title='bbox 458 1539 579 1625; x_wconf 90' lang='lat' dir='ltr'>pariter</span> <span class='ocrx_word' id='word_1_90' title='bbox 599 1538 744 1602; x_wconf 88' lang='lat' dir='ltr'>nonnulli</span> <span class='ocrx_word' id='word_1_91' title='bbox 769 1562 844 1603; x_wconf 91' lang='lat' dir='ltr'>cum</span> <span class='ocrx_word' id='word_1_92' title='bbox 859 1542 983 1604; x_wconf 69' lang='lat' dir='ltr'>summa</span> <span class='ocrx_word' id='word_1_93' title='bbox 1000 1542 1221 1627; x_wconf 87' lang='lat' dir='ltr'>indignatione</span> <span class='ocrx_word' id='word_1_94' title='bbox 1242 1549 1343 1627; x_wconf 86' lang='lat' dir='ltr'>abire,</span> 
     </span>
     <span class='ocr_line' id='line_1_13' title="bbox 192 1626 1345 1715; baseline 0.009 -25"><span class='ocrx_word' id='word_1_95' title='bbox 192 1628 248 1715; x_wconf 92' lang='lat' dir='ltr'>qui</span> <span class='ocrx_word' id='word_1_96' title='bbox 272 1650 346 1692; x_wconf 93' lang='lat' dir='ltr'>cum</span> <span class='ocrx_word' id='word_1_97' title='bbox 372 1629 495 1691; x_wconf 70' lang='lat' dir='ltr'>summa</span> <span class='ocrx_word' id='word_1_98' title='bbox 519 1626 692 1692; x_wconf 88' lang='lat' dir='ltr'>devotione.</span> <span class='ocrx_word' id='word_1_99' title='bbox 720 1641 948 1691; x_wconf 90' lang='lat' dir='ltr'>convenerant.</span> <span class='ocrx_word' id='word_1_100' title='bbox 1007 1628 1110 1694; x_wconf 81' lang='lat' dir='ltr'>Porro</span> <span class='ocrx_word' id='word_1_101' title='bbox 1137 1632 1345 1700; x_wconf 85' lang='lat' dir='ltr'>AEdmnndus</span> 
     </span>
     <span class='ocr_line' id='line_1_14' title="bbox 192 1712 1343 1802; baseline 0.008 -23"><span class='ocrx_word' id='word_1_102' title='bbox 192 1715 293 1799; x_wconf 88' lang='lat' dir='ltr'>magis</span> <span class='ocrx_word' id='word_1_103' title='bbox 318 1716 466 1778; x_wconf 91' lang='lat' dir='ltr'>confusus</span> <span class='ocrx_word' id='word_1_104' title='bbox 482 1714 524 1777; x_wconf 92' lang='lat' dir='ltr'>de</span> <span class='ocrx_word' id='word_1_105' title='bbox 544 1713 654 1777; x_wconf 89' lang='lat' dir='ltr'>Sancti</span> <span class='ocrx_word' id='word_1_106' title='bbox 669 1712 795 1797; x_wconf 72' lang='lat' dir='ltr'>injuris,</span> <span class='ocrx_word' id='word_1_107' title='bbox 812 1737 910 1800; x_wconf 89' lang='lat' dir='ltr'>quam</span> <span class='ocrx_word' id='word_1_108' title='bbox 932 1715 973 1778; x_wconf 91' lang='lat' dir='ltr'>de</span> <span class='ocrx_word' id='word_1_109' title='bbox 993 1716 1124 1802; x_wconf 71' lang='lat' dir='ltr'>propria</span> <span class='ocrx_word' id='word_1_110' title='bbox 1139 1724 1343 1802; x_wconf 67' lang='lat' dir='ltr'>contumelia,</span> 
     </span>
    </p>
   </div>
   <div class='ocr_carea' id='block_1_3' title="bbox 191 1801 1454 1892">
    <p class='ocr_par' dir='ltr' id='par_1_3' title="bbox 191 1801 1454 1892">
     <span class='ocr_line' id='line_1_15' title="bbox 191 1801 1454 1892; baseline 0.01 -27"><span class='ocrx_word' id='word_1_111' title='bbox 191 1802 270 1865; x_wconf 90' lang='lat' dir='ltr'>fidei</span> <span class='ocrx_word' id='word_1_112' title='bbox 295 1801 417 1866; x_wconf 88' lang='lat' dir='ltr'>facibus</span> <span class='ocrx_word' id='word_1_113' title='bbox 442 1823 624 1877; x_wconf 88' lang='lat' dir='ltr'>succensus,</span> <span class='ocrx_word' id='word_1_114' title='bbox 649 1812 780 1884; x_wconf 89' lang='lat' dir='ltr'>arrepto</span> <span class='ocrx_word' id='word_1_115' title='bbox 802 1802 910 1885; x_wconf 89' lang='lat' dir='ltr'>ligone</span> <span class='ocrx_word' id='word_1_116' title='bbox 933 1801 1011 1865; x_wconf 92' lang='lat' dir='ltr'>inibi</span> <span class='ocrx_word' id='word_1_117' title='bbox 1033 1803 1146 1871; x_wconf 85' lang='lat' dir='ltr'>fodere</span> <span class='ocrx_word' id='word_1_118' title='bbox 1162 1810 1270 1892; x_wconf 79' lang='lat' dir='ltr'>erepit,</span> <span class='ocrx_word' id='word_1_119' title='bbox 1287 1811 1345 1876; x_wconf 92' lang='lat' dir='ltr'>ubi</span> <span class='ocrx_word' id='word_1_120' title='bbox 1451 1819 1454 1823; x_wconf 54' lang='lat'><strong><em>⁴</em></strong></span> 
     </span>
    </p>
   </div>
   <div class='ocr_carea' id='block_1_4' title="bbox 188 1887 1346 4597">
    <p class='ocr_par' dir='ltr' id='par_1_4' title="bbox 188 1887 1346 4597">
     <span class='ocr_line' id='line_1_16' title="bbox 192 1887 1345 1980; baseline 0.01 -28"><span class='ocrx_word' id='word_1_121' title='bbox 192 1889 342 1953; x_wconf 87' lang='lat' dir='ltr'>foderant</span> <span class='ocrx_word' id='word_1_122' title='bbox 358 1889 412 1976; x_wconf 90' lang='lat' dir='ltr'>qui</span> <span class='ocrx_word' id='word_1_123' title='bbox 422 1889 491 1974; x_wconf 90' lang='lat' dir='ltr'>jam</span> <span class='ocrx_word' id='word_1_124' title='bbox 503 1888 600 1952; x_wconf 88' lang='lat' dir='ltr'>nichil</span> <span class='ocrx_word' id='word_1_125' title='bbox 609 1887 806 1973; x_wconf 85' lang='lat' dir='ltr'>reperientes</span> <span class='ocrx_word' id='word_1_126' title='bbox 818 1888 1041 1953; x_wconf 87' lang='lat' dir='ltr'>discesserant.</span> <span class='ocrx_word' id='word_1_127' title='bbox 1067 1891 1215 1980; x_wconf 76' lang='lat' dir='ltr'>Cumque</span> <span class='ocrx_word' id='word_1_128' title='bbox 1226 1896 1345 1962; x_wconf 84' lang='lat' dir='ltr'>iterato</span> 
     </span>
     <span class='ocr_line' id='line_1_17' title="bbox 192 1974 1345 2060; baseline 0.009 -21"><span class='ocrx_word' id='word_1_129' title='bbox 192 1976 264 2040; x_wconf 87' lang='lat' dir='ltr'>nisu</span> <span class='ocrx_word' id='word_1_130' title='bbox 279 1978 420 2060; x_wconf 89' lang='lat' dir='ltr'>ligonem</span> <span class='ocrx_word' id='word_1_131' title='bbox 435 1975 552 2040; x_wconf 78' lang='lat' dir='ltr'>fbrtiirs</span> <span class='ocrx_word' id='word_1_132' title='bbox 564 1988 660 2039; x_wconf 86' lang='lat' dir='ltr'>terrae</span> <span class='ocrx_word' id='word_1_133' title='bbox 675 1974 869 2053; x_wconf 84' lang='lat' dir='ltr'>incussisset,</span> <span class='ocrx_word' id='word_1_134' title='bbox 880 1976 966 2040; x_wconf 91' lang='lat' dir='ltr'>ferro</span> <span class='ocrx_word' id='word_1_135' title='bbox 982 1975 1134 2043; x_wconf 90' lang='lat' dir='ltr'>tinnitum</span> <span class='ocrx_word' id='word_1_136' title='bbox 1145 1983 1302 2049; x_wconf 89' lang='lat' dir='ltr'>reddente</span> <span class='ocrx_word' id='word_1_137' title='bbox 1312 1986 1345 2049; x_wconf 90' lang='lat' dir='ltr'>in</span> 
     </span>
     <span class='ocr_line' id='line_1_18' title="bbox 192 2062 1346 2151; baseline 0.009 -23"><span class='ocrx_word' id='word_1_138' title='bbox 192 2064 325 2151; x_wconf 90' lang='lat' dir='ltr'>aliquod</span> <span class='ocrx_word' id='word_1_139' title='bbox 355 2085 469 2127; x_wconf 87' lang='lat' dir='ltr'>saxum</span> <span class='ocrx_word' id='word_1_140' title='bbox 500 2062 670 2127; x_wconf 87' lang='lat' dir='ltr'>offendisse</span> <span class='ocrx_word' id='word_1_141' title='bbox 696 2085 730 2125; x_wconf 88' lang='lat' dir='ltr'>se</span> <span class='ocrx_word' id='word_1_142' title='bbox 755 2062 912 2138; x_wconf 82' lang='lat' dir='ltr'>credidit3</span> <span class='ocrx_word' id='word_1_143' title='bbox 939 2078 973 2127; x_wconf 91' lang='lat' dir='ltr'>et</span> <span class='ocrx_word' id='word_1_144' title='bbox 996 2065 1039 2128; x_wconf 92' lang='lat' dir='ltr'>ad</span> <span class='ocrx_word' id='word_1_145' title='bbox 1065 2089 1152 2151; x_wconf 90' lang='lat' dir='ltr'>spem</span> <span class='ocrx_word' id='word_1_146' title='bbox 1179 2072 1346 2137; x_wconf 90' lang='lat' dir='ltr'>meliorem</span> 
     </span>
     <span class='ocr_line' id='line_1_19' title="bbox 192 2149 1346 2247; baseline 0.008 -32"><span class='ocrx_word' id='word_1_147' title='bbox 192 2152 306 2237; x_wconf 88' lang='lat' dir='ltr'>lapidis</span> <span class='ocrx_word' id='word_1_148' title='bbox 322 2151 521 2235; x_wconf 89' lang='lat' dir='ltr'>repercussio</span> <span class='ocrx_word' id='word_1_149' title='bbox 536 2149 640 2214; x_wconf 89' lang='lat' dir='ltr'>fidelis</span> <span class='ocrx_word' id='word_1_150' title='bbox 657 2149 715 2213; x_wconf 88' lang='lat' dir='ltr'>viri</span> <span class='ocrx_word' id='word_1_151' title='bbox 730 2149 872 2213; x_wconf 92' lang='lat' dir='ltr'>animum</span> <span class='ocrx_word' id='word_1_152' title='bbox 887 2151 1093 2217; x_wconf 86' lang='lat' dir='ltr'>confortavit.</span> <span class='ocrx_word' id='word_1_153' title='bbox 1142 2156 1185 2220; x_wconf 83' lang='lat' dir='ltr'>Et</span> <span class='ocrx_word' id='word_1_154' title='bbox 1200 2172 1276 2223; x_wconf 90' lang='lat' dir='ltr'>tunc</span> <span class='ocrx_word' id='word_1_155' title='bbox 1288 2183 1346 2247; x_wconf 88' lang='lat' dir='ltr'>spe</span> 
     </span>
     <span class='ocr_line' id='line_1_20' title="bbox 191 2237 1345 2331; baseline 0.01 -28"><span class='ocrx_word' id='word_1_156' title='bbox 191 2240 370 2304; x_wconf 70' lang='lat' dir='ltr'>refocillata</span> <span class='ocrx_word' id='word_1_157' title='bbox 384 2238 539 2302; x_wconf 89' lang='lat' dir='ltr'>incumbit</span> <span class='ocrx_word' id='word_1_158' title='bbox 562 2237 652 2322; x_wconf 92' lang='lat' dir='ltr'>operi</span> <span class='ocrx_word' id='word_1_159' title='bbox 668 2250 776 2322; x_wconf 89' lang='lat' dir='ltr'>coepto</span> <span class='ocrx_word' id='word_1_160' title='bbox 792 2237 1022 2317; x_wconf 76' lang='lat' dir='ltr'>vehementius,</span> <span class='ocrx_word' id='word_1_161' title='bbox 1040 2253 1075 2304; x_wconf 89' lang='lat' dir='ltr'>et</span> <span class='ocrx_word' id='word_1_162' title='bbox 1090 2243 1196 2327; x_wconf 89' lang='lat' dir='ltr'>ejecto</span> <span class='ocrx_word' id='word_1_163' title='bbox 1211 2247 1345 2331; x_wconf 90' lang='lat' dir='ltr'>pulvere</span> 
     </span>
     <span class='ocr_line' id='line_1_21' title="bbox 192 2324 1345 2414; baseline 0.009 -23"><span class='ocrx_word' id='word_1_164' title='bbox 192 2326 323 2403; x_wconf 72' lang='lat' dir='ltr'>hfossh,</span> <span class='ocrx_word' id='word_1_165' title='bbox 348 2325 581 2411; x_wconf 84' lang='lat' dir='ltr'>sarcophagum</span> <span class='ocrx_word' id='word_1_166' title='bbox 608 2325 770 2409; x_wconf 87' lang='lat' dir='ltr'>lapideum</span> <span class='ocrx_word' id='word_1_167' title='bbox 795 2324 928 2405; x_wconf 90' lang='lat' dir='ltr'>invenit,</span> <span class='ocrx_word' id='word_1_168' title='bbox 945 2327 978 2389; x_wconf 92' lang='lat' dir='ltr'>in</span> <span class='ocrx_word' id='word_1_169' title='bbox 1004 2350 1069 2414; x_wconf 91' lang='lat' dir='ltr'>quo</span> <span class='ocrx_word' id='word_1_170' title='bbox 1092 2333 1260 2413; x_wconf 84' lang='lat' dir='ltr'>recondita</span> <span class='ocrx_word' id='word_1_171' title='bbox 1275 2351 1345 2401; x_wconf 91' lang='lat' dir='ltr'>erat</span> 
     </span>
     <span class='ocr_line' id='line_1_22' title="bbox 192 2411 1345 2505; baseline 0.01 -27"><span class='ocrx_word' id='word_1_172' title='bbox 192 2414 367 2499; x_wconf 89' lang='lat' dir='ltr'>margarita</span> <span class='ocrx_word' id='word_1_173' title='bbox 381 2412 583 2500; x_wconf 78' lang='lat' dir='ltr'>praefulgida.</span> <span class='ocrx_word' id='word_1_174' title='bbox 640 2411 737 2475; x_wconf 62' lang='lat' dir='ltr'>Forte</span> <span class='ocrx_word' id='word_1_175' title='bbox 753 2412 830 2498; x_wconf 91' lang='lat' dir='ltr'>quia</span> <span class='ocrx_word' id='word_1_176' title='bbox 843 2414 961 2497; x_wconf 89' lang='lat' dir='ltr'>passim</span> <span class='ocrx_word' id='word_1_177' title='bbox 976 2427 1010 2478; x_wconf 89' lang='lat' dir='ltr'>et</span> <span class='ocrx_word' id='word_1_178' title='bbox 1025 2415 1196 2483; x_wconf 69' lang='lat' dir='ltr'>indiscrete</span> <span class='ocrx_word' id='word_1_179' title='bbox 1207 2422 1287 2505; x_wconf 89' lang='lat' dir='ltr'>justi</span> <span class='ocrx_word' id='word_1_180' title='bbox 1310 2438 1345 2489; x_wconf 89' lang='lat' dir='ltr'>et</span> 
     </span>
     <span class='ocr_line' id='line_1_23' title="bbox 192 2498 1346 2588; baseline 0.009 -23"><span class='ocrx_word' id='word_1_181' title='bbox 192 2502 302 2588; x_wconf 89' lang='lat' dir='ltr'>injusti</span> <span class='ocrx_word' id='word_1_182' title='bbox 328 2500 582 2565; x_wconf 88' lang='lat' dir='ltr'>admittebantur</span> <span class='ocrx_word' id='word_1_183' title='bbox 602 2500 644 2563; x_wconf 91' lang='lat' dir='ltr'>ad</span> <span class='ocrx_word' id='word_1_184' title='bbox 667 2498 804 2562; x_wconf 75' lang='lat' dir='ltr'>caelestis</span> <span class='ocrx_word' id='word_1_185' title='bbox 826 2501 943 2564; x_wconf 89' lang='lat' dir='ltr'>secreti</span> <span class='ocrx_word' id='word_1_186' title='bbox 958 2505 1228 2586; x_wconf 87' lang='lat' dir='ltr'>conspectionem,</span> <span class='ocrx_word' id='word_1_187' title='bbox 1246 2509 1346 2576; x_wconf 88' lang='lat' dir='ltr'>dilata</span> 
     </span>
     <span class='ocr_line' id='line_1_24' title="bbox 193 2585 1346 2671; baseline 0.011 -19"><span class='ocrx_word' id='word_1_188' title='bbox 193 2601 243 2653; x_wconf 89' lang='lat' dir='ltr'>est</span> <span class='ocrx_word' id='word_1_189' title='bbox 270 2600 304 2652; x_wconf 92' lang='lat' dir='ltr'>et</span> <span class='ocrx_word' id='word_1_190' title='bbox 330 2599 494 2651; x_wconf 85' lang='lat' dir='ltr'>reservata</span> <span class='ocrx_word' id='word_1_191' title='bbox 516 2585 617 2649; x_wconf 90' lang='lat' dir='ltr'>sancti</span> <span class='ocrx_word' id='word_1_192' title='bbox 640 2585 781 2671; x_wconf 88' lang='lat' dir='ltr'>corporis</span> <span class='ocrx_word' id='word_1_193' title='bbox 798 2585 952 2664; x_wconf 88' lang='lat' dir='ltr'>inventio,</span> <span class='ocrx_word' id='word_1_194' title='bbox 970 2588 1073 2653; x_wconf 91' lang='lat' dir='ltr'>donec</span> <span class='ocrx_word' id='word_1_195' title='bbox 1089 2614 1124 2655; x_wconf 94' lang='lat' dir='ltr'>se</span> <span class='ocrx_word' id='word_1_196' title='bbox 1139 2595 1346 2665; x_wconf 88' lang='lat' dir='ltr'>absentarent</span> 
     </span>
     <span class='ocr_line' id='line_1_25' title="bbox 194 2671 1346 2775; baseline 0.01 -37"><span class='ocrx_word' id='word_1_197' title='bbox 194 2675 249 2775; x_wconf 78' lang='lat' dir='ltr'>qui</span> <span class='ocrx_word' id='word_1_198' title='bbox 265 2675 478 2738; x_wconf 88' lang='lat' dir='ltr'>irreverenter</span> <span class='ocrx_word' id='word_1_199' title='bbox 493 2685 526 2737; x_wconf 91' lang='lat' dir='ltr'>et</span> <span class='ocrx_word' id='word_1_200' title='bbox 542 2672 650 2757; x_wconf 88' lang='lat' dir='ltr'>injusti</span> <span class='ocrx_word' id='word_1_201' title='bbox 662 2671 870 2736; x_wconf 88' lang='lat' dir='ltr'>advenerant.</span> <span class='ocrx_word' id='word_1_202' title='bbox 897 2674 1077 2760; x_wconf 89' lang='lat' dir='ltr'>Episcopus</span> <span class='ocrx_word' id='word_1_203' title='bbox 1087 2678 1166 2742; x_wconf 76' lang='lat' dir='ltr'>vero</span> <span class='ocrx_word' id='word_1_204' title='bbox 1177 2681 1346 2749; x_wconf 91' lang='lat' dir='ltr'>disceden-</span> 
     </span>
     <span class='ocr_line' id='line_1_26' title="bbox 194 2758 1344 2847; baseline 0.01 -20"><span class='ocrx_word' id='word_1_205' title='bbox 194 2764 280 2827; x_wconf 77' lang='lat' dir='ltr'>tibus</span> <span class='ocrx_word' id='word_1_206' title='bbox 296 2760 520 2846; x_wconf 90' lang='lat' dir='ltr'>impatientum</span> <span class='ocrx_word' id='word_1_207' title='bbox 535 2758 636 2824; x_wconf 91' lang='lat' dir='ltr'>turbis</span> <span class='ocrx_word' id='word_1_208' title='bbox 652 2782 726 2823; x_wconf 92' lang='lat' dir='ltr'>cum</span> <span class='ocrx_word' id='word_1_209' title='bbox 744 2760 928 2825; x_wconf 89' lang='lat' dir='ltr'>domesticis</span> <span class='ocrx_word' id='word_1_210' title='bbox 943 2762 1006 2827; x_wconf 84' lang='lat' dir='ltr'>suis</span> <span class='ocrx_word' id='word_1_211' title='bbox 1018 2783 1227 2847; x_wconf 86' lang='lat' dir='ltr'>remanserat,</span> <span class='ocrx_word' id='word_1_212' title='bbox 1244 2786 1282 2836; x_wconf 94' lang='lat' dir='ltr'>ut</span> <span class='ocrx_word' id='word_1_213' title='bbox 1296 2774 1344 2838; x_wconf 92' lang='lat' dir='ltr'>rei</span> 
     </span>
     <span class='ocr_line' id='line_1_27' title="bbox 192 2846 1343 2943; baseline 0.006 -29"><span class='ocrx_word' id='word_1_214' title='bbox 192 2851 290 2914; x_wconf 89' lang='lat' dir='ltr'>finem</span> <span class='ocrx_word' id='word_1_215' title='bbox 305 2849 429 2913; x_wconf 90' lang='lat' dir='ltr'>videret</span> <span class='ocrx_word' id='word_1_216' title='bbox 444 2846 596 2911; x_wconf 87' lang='lat' dir='ltr'>sollicitus</span> <span class='ocrx_word' id='word_1_217' title='bbox 611 2847 826 2931; x_wconf 72' lang='lat' dir='ltr'>praestolator.</span> <span class='ocrx_word' id='word_1_218' title='bbox 885 2850 970 2913; x_wconf 88' lang='lat' dir='ltr'>Cum</span> <span class='ocrx_word' id='word_1_219' title='bbox 984 2866 1093 2917; x_wconf 91' lang='lat' dir='ltr'>autem</span> <span class='ocrx_word' id='word_1_220' title='bbox 1109 2857 1343 2943; x_wconf 86' lang='lat' dir='ltr'>sarcophagum</span> 
     </span>
     <span class='ocr_line' id='line_1_28' title="bbox 193 2935 1345 3029; baseline 0.01 -28"><span class='ocrx_word' id='word_1_221' title='bbox 193 2938 360 3003; x_wconf 87' lang='lat' dir='ltr'>inventurn</span> <span class='ocrx_word' id='word_1_222' title='bbox 383 2935 569 3020; x_wconf 88' lang='lat' dir='ltr'>respiceret,</span> <span class='ocrx_word' id='word_1_223' title='bbox 592 2936 701 2999; x_wconf 86' lang='lat' dir='ltr'>statim</span> <span class='ocrx_word' id='word_1_224' title='bbox 723 2935 794 2998; x_wconf 93' lang='lat' dir='ltr'>solo</span> <span class='ocrx_word' id='word_1_225' title='bbox 815 2936 1029 3019; x_wconf 89' lang='lat' dir='ltr'>prosternitur</span> <span class='ocrx_word' id='word_1_226' title='bbox 1052 2939 1120 3025; x_wconf 88' lang='lat' dir='ltr'>ipse</span> <span class='ocrx_word' id='word_1_227' title='bbox 1142 2956 1176 3007; x_wconf 92' lang='lat' dir='ltr'>et</span> <span class='ocrx_word' id='word_1_228' title='bbox 1198 2948 1345 3029; x_wconf 89' lang='lat' dir='ltr'>paucitas</span> 
     </span>
     <span class='ocr_line' id='line_1_29' title="bbox 191 3021 1344 3111; baseline 0.01 -22"><span class='ocrx_word' id='word_1_229' title='bbox 191 3025 337 3090; x_wconf 88' lang='lat' dir='ltr'>fidelium</span> <span class='ocrx_word' id='word_1_230' title='bbox 357 3022 412 3111; x_wconf 93' lang='lat' dir='ltr'>qui</span> <span class='ocrx_word' id='word_1_231' title='bbox 433 3023 577 3101; x_wconf 91' lang='lat' dir='ltr'>aderant,</span> <span class='ocrx_word' id='word_1_232' title='bbox 606 3035 640 3086; x_wconf 89' lang='lat' dir='ltr'>et</span> <span class='ocrx_word' id='word_1_233' title='bbox 666 3021 803 3086; x_wconf 90' lang='lat' dir='ltr'>lacrimis</span> <span class='ocrx_word' id='word_1_234' title='bbox 823 3046 891 3107; x_wconf 84' lang='lat' dir='ltr'>prae</span> <span class='ocrx_word' id='word_1_235' title='bbox 915 3025 1034 3109; x_wconf 87' lang='lat' dir='ltr'>gaudio</span> <span class='ocrx_word' id='word_1_236' title='bbox 1063 3029 1185 3093; x_wconf 84' lang='lat' dir='ltr'>abortia</span> <span class='ocrx_word' id='word_1_237' title='bbox 1214 3047 1344 3100; x_wconf 88' lang='lat' dir='ltr'>orantes</span> 
     </span>
     <span class='ocr_line' id='line_1_30' title="bbox 193 3109 1343 3195; baseline 0.01 -19"><span class='ocrx_word' id='word_1_238' title='bbox 193 3110 347 3177; x_wconf 75' lang='lat' dir='ltr'>intentius</span> <span class='ocrx_word' id='word_1_239' title='bbox 371 3124 404 3176; x_wconf 90' lang='lat' dir='ltr'>et</span> <span class='ocrx_word' id='word_1_240' title='bbox 430 3109 597 3195; x_wconf 74' lang='lat' dir='ltr'>prolixius,</span> <span class='ocrx_word' id='word_1_241' title='bbox 621 3109 777 3174; x_wconf 86' lang='lat' dir='ltr'>auxilium</span> <span class='ocrx_word' id='word_1_242' title='bbox 802 3110 989 3176; x_wconf 89' lang='lat' dir='ltr'>Divinitatis</span> <span class='ocrx_word' id='word_1_243' title='bbox 1013 3113 1149 3181; x_wconf 86' lang='lat' dir='ltr'>invitant</span> <span class='ocrx_word' id='word_1_244' title='bbox 1172 3134 1206 3183; x_wconf 90' lang='lat' dir='ltr'>et</span> <span class='ocrx_word' id='word_1_245' title='bbox 1233 3121 1343 3189; x_wconf 88' lang='lat' dir='ltr'>Sancti</span> 
     </span>
     <span class='ocr_line' id='line_1_31' title="bbox 194 3196 1344 3295; baseline 0.01 -31"><span class='ocrx_word' id='word_1_246' title='bbox 194 3199 360 3287; x_wconf 89' lang='lat' dir='ltr'>Martyris.</span> <span class='ocrx_word' id='word_1_247' title='bbox 409 3198 452 3262; x_wconf 89' lang='lat' dir='ltr'>Et</span> <span class='ocrx_word' id='word_1_248' title='bbox 467 3198 657 3263; x_wconf 87' lang='lat' dir='ltr'>accedentes</span> <span class='ocrx_word' id='word_1_249' title='bbox 672 3196 804 3282; x_wconf 72' lang='lat' dir='ltr'>propius</span> <span class='ocrx_word' id='word_1_250' title='bbox 819 3200 989 3264; x_wconf 88' lang='lat' dir='ltr'>revolvunt</span> <span class='ocrx_word' id='word_1_251' title='bbox 1004 3202 1144 3287; x_wconf 91' lang='lat' dir='ltr'>lapidem</span> <span class='ocrx_word' id='word_1_252' title='bbox 1161 3211 1344 3295; x_wconf 90' lang='lat' dir='ltr'>superposi-</span> 
     </span>
     <span class='ocr_line' id='line_1_32' title="bbox 194 3285 1344 3378; baseline 0.01 -27"><span class='ocrx_word' id='word_1_253' title='bbox 194 3298 276 3366; x_wconf 88' lang='lat' dir='ltr'>tum,</span> <span class='ocrx_word' id='word_1_254' title='bbox 294 3299 328 3351; x_wconf 93' lang='lat' dir='ltr'>et</span> <span class='ocrx_word' id='word_1_255' title='bbox 343 3286 451 3351; x_wconf 91' lang='lat' dir='ltr'>statim</span> <span class='ocrx_word' id='word_1_256' title='bbox 466 3286 605 3351; x_wconf 89' lang='lat' dir='ltr'>refertur</span> <span class='ocrx_word' id='word_1_257' title='bbox 620 3285 722 3349; x_wconf 93' lang='lat' dir='ltr'>omnis</span> <span class='ocrx_word' id='word_1_258' title='bbox 746 3286 881 3351; x_wconf 89' lang='lat' dir='ltr'>ecclesia</span> <span class='ocrx_word' id='word_1_259' title='bbox 895 3286 967 3351; x_wconf 90' lang='lat' dir='ltr'>miri</span> <span class='ocrx_word' id='word_1_260' title='bbox 984 3290 1091 3353; x_wconf 90' lang='lat' dir='ltr'>odoris</span> <span class='ocrx_word' id='word_1_261' title='bbox 1106 3291 1292 3378; x_wconf 65' lang='lat' dir='ltr'>fragrantiis,</span> <span class='ocrx_word' id='word_1_262' title='bbox 1309 3312 1344 3365; x_wconf 89' lang='lat' dir='ltr'>et</span> 
     </span>
     <span class='ocr_line' id='line_1_33' title="bbox 192 3373 1344 3467; baseline 0.01 -28"><span class='ocrx_word' id='word_1_263' title='bbox 192 3397 302 3439; x_wconf 89' lang='lat' dir='ltr'>omnes</span> <span class='ocrx_word' id='word_1_264' title='bbox 318 3374 373 3462; x_wconf 92' lang='lat' dir='ltr'>qui</span> <span class='ocrx_word' id='word_1_265' title='bbox 388 3375 523 3439; x_wconf 89' lang='lat' dir='ltr'>aderant</span> <span class='ocrx_word' id='word_1_266' title='bbox 538 3386 628 3437; x_wconf 87' lang='lat' dir='ltr'>tanta</span> <span class='ocrx_word' id='word_1_267' title='bbox 647 3373 787 3437; x_wconf 88' lang='lat' dir='ltr'>suavitas</span> <span class='ocrx_word' id='word_1_268' title='bbox 802 3374 921 3452; x_wconf 87' lang='lat' dir='ltr'>affecit,</span> <span class='ocrx_word' id='word_1_269' title='bbox 938 3389 975 3441; x_wconf 93' lang='lat' dir='ltr'>ut</span> <span class='ocrx_word' id='word_1_270' title='bbox 997 3377 1031 3440; x_wconf 92' lang='lat' dir='ltr'>in</span> <span class='ocrx_word' id='word_1_271' title='bbox 1053 3380 1202 3467; x_wconf 81' lang='lat' dir='ltr'>paradysi</span> <span class='ocrx_word' id='word_1_272' title='bbox 1221 3384 1344 3451; x_wconf 90' lang='lat' dir='ltr'>deliciis</span> 
     </span>
     <span class='ocr_line' id='line_1_34' title="bbox 192 3460 1345 3546; baseline 0.01 -21"><span class='ocrx_word' id='word_1_273' title='bbox 192 3462 360 3546; x_wconf 89' lang='lat' dir='ltr'>sepositos</span> <span class='ocrx_word' id='word_1_274' title='bbox 375 3460 547 3526; x_wconf 70' lang='lat' dir='ltr'>certissime</span> <span class='ocrx_word' id='word_1_275' title='bbox 560 3460 764 3525; x_wconf 89' lang='lat' dir='ltr'>affirmarent.</span> <span class='ocrx_word' id='word_1_276' title='bbox 813 3462 970 3527; x_wconf 90' lang='lat' dir='ltr'>Videntes</span> <span class='ocrx_word' id='word_1_277' title='bbox 986 3478 1094 3530; x_wconf 91' lang='lat' dir='ltr'>autem</span> <span class='ocrx_word' id='word_1_278' title='bbox 1109 3467 1165 3531; x_wconf 90' lang='lat' dir='ltr'>diu</span> <span class='ocrx_word' id='word_1_279' title='bbox 1180 3470 1345 3538; x_wconf 88' lang='lat' dir='ltr'>desidera-</span> 
     </span>
     <span class='ocr_line' id='line_1_35' title="bbox 194 3547 1343 3643; baseline 0.01 -30"><span class='ocrx_word' id='word_1_280' title='bbox 194 3562 274 3626; x_wconf 92' lang='lat' dir='ltr'>tum,</span> <span class='ocrx_word' id='word_1_281' title='bbox 285 3550 393 3634; x_wconf 91' lang='lat' dir='ltr'>etjam</span> <span class='ocrx_word' id='word_1_282' title='bbox 402 3548 533 3611; x_wconf 90' lang='lat' dir='ltr'>tandem</span> <span class='ocrx_word' id='word_1_283' title='bbox 542 3547 708 3611; x_wconf 90' lang='lat' dir='ltr'>inventurn</span> <span class='ocrx_word' id='word_1_284' title='bbox 719 3548 904 3613; x_wconf 86' lang='lat' dir='ltr'>thesaurum</span> <span class='ocrx_word' id='word_1_285' title='bbox 916 3574 1013 3637; x_wconf 88' lang='lat' dir='ltr'>super</span> <span class='ocrx_word' id='word_1_286' title='bbox 1021 3575 1134 3618; x_wconf 90' lang='lat' dir='ltr'>aurum</span> <span class='ocrx_word' id='word_1_287' title='bbox 1146 3569 1180 3619; x_wconf 89' lang='lat' dir='ltr'>et</span> <span class='ocrx_word' id='word_1_288' title='bbox 1190 3560 1343 3643; x_wconf 87' lang='lat' dir='ltr'>topazion</span> 
     </span>
     <span class='ocr_line' id='line_1_36' title="bbox 192 3633 1342 3722; baseline 0.012 -23"><span class='ocrx_word' id='word_1_289' title='bbox 192 3636 385 3722; x_wconf 90' lang='lat' dir='ltr'>preciosum,</span> <span class='ocrx_word' id='word_1_290' title='bbox 402 3633 542 3700; x_wconf 88' lang='lat' dir='ltr'>universi</span> <span class='ocrx_word' id='word_1_291' title='bbox 564 3656 631 3720; x_wconf 85' lang='lat' dir='ltr'>prae</span> <span class='ocrx_word' id='word_1_292' title='bbox 655 3633 783 3698; x_wconf 84' lang='lat' dir='ltr'>laeticiae</span> <span class='ocrx_word' id='word_1_293' title='bbox 798 3638 1020 3721; x_wconf 90' lang='lat' dir='ltr'>magnitudine</span> <span class='ocrx_word' id='word_1_294' title='bbox 1035 3640 1182 3707; x_wconf 87' lang='lat' dir='ltr'>lacrimas</span> <span class='ocrx_word' id='word_1_295' title='bbox 1204 3646 1342 3714; x_wconf 90' lang='lat' dir='ltr'>lacrimis</span> 
     </span>
     <span class='ocr_line' id='line_1_37' title="bbox 190 3722 1341 3819; baseline 0.012 -31"><span class='ocrx_word' id='word_1_296' title='bbox 190 3724 409 3801; x_wconf 89' lang='lat' dir='ltr'>cumulabant,</span> <span class='ocrx_word' id='word_1_297' title='bbox 440 3744 546 3808; x_wconf 86' lang='lat' dir='ltr'>genua</span> <span class='ocrx_word' id='word_1_298' title='bbox 574 3722 760 3800; x_wconf 88' lang='lat' dir='ltr'>flectebant,</span> <span class='ocrx_word' id='word_1_299' title='bbox 791 3724 909 3808; x_wconf 89' lang='lat' dir='ltr'>gratias</span> <span class='ocrx_word' id='word_1_300' title='bbox 939 3728 1091 3813; x_wconf 89' lang='lat' dir='ltr'>agebant,</span> <span class='ocrx_word' id='word_1_301' title='bbox 1119 3732 1178 3795; x_wconf 90' lang='lat' dir='ltr'>sed</span> <span class='ocrx_word' id='word_1_302' title='bbox 1207 3745 1341 3819; x_wconf 89' lang='lat' dir='ltr'>tangere</span> 
     </span>
     <span class='ocr_line' id='line_1_38' title="bbox 190 3810 1342 3904; baseline 0.011 -28"><span class='ocrx_word' id='word_1_303' title='bbox 190 3811 438 3878; x_wconf 88' lang='lat' dir='ltr'>sacratissimum</span> <span class='ocrx_word' id='word_1_304' title='bbox 457 3831 572 3896; x_wconf 91' lang='lat' dir='ltr'>corpus</span> <span class='ocrx_word' id='word_1_305' title='bbox 593 3810 698 3873; x_wconf 86' lang='lat' dir='ltr'>nullus</span> <span class='ocrx_word' id='word_1_306' title='bbox 721 3813 950 3895; x_wconf 70' lang='lat' dir='ltr'>praesumebat.</span> <span class='ocrx_word' id='word_1_307' title='bbox 1009 3815 1195 3904; x_wconf 88' lang='lat' dir='ltr'>Habitaque</span> <span class='ocrx_word' id='word_1_308' title='bbox 1214 3837 1265 3886; x_wconf 92' lang='lat' dir='ltr'>est</span> <span class='ocrx_word' id='word_1_309' title='bbox 1283 3824 1342 3889; x_wconf 91' lang='lat' dir='ltr'>ali·</span> 
     </span>
     <span class='ocr_line' id='line_1_39' title="bbox 190 3898 1341 3998; baseline 0.01 -34"><span class='ocrx_word' id='word_1_310' title='bbox 190 3900 331 3987; x_wconf 90' lang='lat' dir='ltr'>quandiu</span> <span class='ocrx_word' id='word_1_311' title='bbox 347 3900 388 3963; x_wconf 88' lang='lat' dir='ltr'>de</span> <span class='ocrx_word' id='word_1_312' title='bbox 404 3898 584 3963; x_wconf 68' lang='lat' dir='ltr'>reverentia</span> <span class='ocrx_word' id='word_1_313' title='bbox 599 3910 671 3962; x_wconf 87' lang='lat' dir='ltr'>orta</span> <span class='ocrx_word' id='word_1_314' title='bbox 685 3898 851 3963; x_wconf 88' lang='lat' dir='ltr'>contentio</span> <span class='ocrx_word' id='word_1_315' title='bbox 865 3899 950 3965; x_wconf 89' lang='lat' dir='ltr'>inter</span> <span class='ocrx_word' id='word_1_316' title='bbox 959 3901 1092 3967; x_wconf 90' lang='lat' dir='ltr'>clericos</span> <span class='ocrx_word' id='word_1_317' title='bbox 1107 3917 1141 3968; x_wconf 87' lang='lat' dir='ltr'>et</span> <span class='ocrx_word' id='word_1_318' title='bbox 1155 3907 1253 3973; x_wconf 88' lang='lat' dir='ltr'>laicos</span> <span class='ocrx_word' id='word_1_319' title='bbox 1269 3912 1341 3998; x_wconf 93' lang='lat' dir='ltr'>quis</span> 
     </span>
     <span class='ocr_line' id='line_1_40' title="bbox 190 3984 1340 4138; baseline 0.011 -87"><span class='ocrx_word' id='word_1_320' title='bbox 190 3988 360 4053; x_wconf 87' lang='lat' dir='ltr'>accederet</span> <span class='ocrx_word' id='word_1_321' title='bbox 385 3987 427 4051; x_wconf 90' lang='lat' dir='ltr'>ad</span> <span class='ocrx_word' id='word_1_322' title='bbox 454 3999 588 4063; x_wconf 87' lang='lat' dir='ltr'>tactum,</span> <span class='ocrx_word' id='word_1_323' title='bbox 614 3984 691 4049; x_wconf 90' lang='lat' dir='ltr'>dum</span> <span class='ocrx_word' id='word_1_324' title='bbox 715 3986 932 4138; x_wconf 51' lang='lat' dir='ltr'>unusquisrpue</span> <span class='ocrx_word' id='word_1_325' title='bbox 952 3989 993 4053; x_wconf 91' lang='lat' dir='ltr'>de</span> <span class='ocrx_word' id='word_1_326' title='bbox 1019 3990 1141 4054; x_wconf 87' lang='lat' dir='ltr'>meritis</span> <span class='ocrx_word' id='word_1_327' title='bbox 1157 3995 1221 4059; x_wconf 93' lang='lat' dir='ltr'>suis</span> <span class='ocrx_word' id='word_1_328' title='bbox 1235 3998 1340 4063; x_wconf 90' lang='lat' dir='ltr'>minus</span> 
     </span>
     <span class='ocr_line' id='line_1_41' title="bbox 189 4074 1341 4169; baseline 0.012 -32"><span class='ocrx_word' id='word_1_329' title='bbox 189 4096 384 4160; x_wconf 87' lang='lat' dir='ltr'>praesumens</span> <span class='ocrx_word' id='word_1_330' title='bbox 399 4074 517 4138; x_wconf 89' lang='lat' dir='ltr'>habeat</span> <span class='ocrx_word' id='word_1_331' title='bbox 533 4096 567 4137; x_wconf 87' lang='lat' dir='ltr'>se</span> <span class='ocrx_word' id='word_1_332' title='bbox 584 4085 770 4137; x_wconf 87' lang='lat' dir='ltr'>excusatum</span> <span class='ocrx_word' id='word_1_333' title='bbox 785 4097 794 4149; x_wconf 84' lang='lat'>3</span> <span class='ocrx_word' id='word_1_334' title='bbox 819 4086 873 4138; x_wconf 90' lang='lat' dir='ltr'>tau</span> <span class='ocrx_word' id='word_1_335' title='bbox 897 4097 949 4138; x_wconf 89' lang='lat' dir='ltr'>em</span> <span class='ocrx_word' id='word_1_336' title='bbox 960 4077 1154 4143; x_wconf 89' lang='lat' dir='ltr'>unanimiter</span> <span class='ocrx_word' id='word_1_337' title='bbox 1169 4081 1202 4145; x_wconf 92' lang='lat' dir='ltr'>iu</span> <span class='ocrx_word' id='word_1_338' title='bbox 1218 4085 1341 4169; x_wconf 88' lang='lat' dir='ltr'>episeo-</span> 
     </span>
     <span class='ocr_line' id='line_1_42' title="bbox 189 4160 1341 4247; baseline 0.011 -22"><span class='ocrx_word' id='word_1_339' title='bbox 189 4184 266 4247; x_wconf 93' lang='lat' dir='ltr'>pum</span> <span class='ocrx_word' id='word_1_340' title='bbox 284 4162 465 4239; x_wconf 92' lang='lat' dir='ltr'>intendunt,</span> <span class='ocrx_word' id='word_1_341' title='bbox 482 4173 516 4225; x_wconf 89' lang='lat' dir='ltr'>et</span> <span class='ocrx_word' id='word_1_342' title='bbox 539 4161 606 4246; x_wconf 87' lang='lat' dir='ltr'>ejus</span> <span class='ocrx_word' id='word_1_343' title='bbox 622 4182 691 4225; x_wconf 89' lang='lat' dir='ltr'>esse</span> <span class='ocrx_word' id='word_1_344' title='bbox 706 4160 813 4225; x_wconf 88' lang='lat' dir='ltr'>meriti</span> <span class='ocrx_word' id='word_1_345' title='bbox 828 4164 949 4247; x_wconf 90' lang='lat' dir='ltr'>pariter</span> <span class='ocrx_word' id='word_1_346' title='bbox 963 4177 997 4228; x_wconf 86' lang='lat' dir='ltr'>et</span> <span class='ocrx_word' id='word_1_347' title='bbox 1012 4164 1119 4244; x_wconf 89' lang='lat' dir='ltr'>officii,</span> <span class='ocrx_word' id='word_1_348' title='bbox 1136 4181 1173 4232; x_wconf 92' lang='lat' dir='ltr'>ut</span> <span class='ocrx_word' id='word_1_349' title='bbox 1187 4172 1273 4235; x_wconf 92' lang='lat' dir='ltr'>solus</span> <span class='ocrx_word' id='word_1_350' title='bbox 1288 4176 1341 4239; x_wconf 83' lang='lat' dir='ltr'>vel</span> 
     </span>
     <span class='ocr_line' id='line_1_43' title="bbox 189 4249 1342 4333; baseline 0.01 -20"><span class='ocrx_word' id='word_1_351' title='bbox 189 4250 302 4313; x_wconf 88' lang='lat' dir='ltr'>saltem</span> <span class='ocrx_word' id='word_1_352' title='bbox 318 4249 406 4333; x_wconf 90' lang='lat' dir='ltr'>prior</span> <span class='ocrx_word' id='word_1_353' title='bbox 420 4260 533 4332; x_wconf 91' lang='lat' dir='ltr'>tangat</span> <span class='ocrx_word' id='word_1_354' title='bbox 556 4259 700 4313; x_wconf 89' lang='lat' dir='ltr'>sanctum</span> <span class='ocrx_word' id='word_1_355' title='bbox 723 4260 882 4312; x_wconf 88' lang='lat' dir='ltr'>asserunt.</span> <span class='ocrx_word' id='word_1_356' title='bbox 930 4250 988 4315; x_wconf 91' lang='lat' dir='ltr'>Ille</span> <span class='ocrx_word' id='word_1_357' title='bbox 1004 4274 1082 4316; x_wconf 89' lang='lat' dir='ltr'>vero</span> <span class='ocrx_word' id='word_1_358' title='bbox 1096 4258 1224 4320; x_wconf 70' lang='lat' dir='ltr'>morosa</span> <span class='ocrx_word' id='word_1_359' title='bbox 1237 4260 1342 4325; x_wconf 88' lang='lat' dir='ltr'>reluc-</span> 
     </span>
     <span class='ocr_line' id='line_1_44' title="bbox 188 4334 1339 4430; baseline 0.01 -29"><span class='ocrx_word' id='word_1_360' title='bbox 188 4336 315 4401; x_wconf 82' lang='lat' dir='ltr'>tatione·</span> <span class='ocrx_word' id='word_1_361' title='bbox 325 4360 359 4401; x_wconf 92' lang='lat' dir='ltr'>se</span> <span class='ocrx_word' id='word_1_362' title='bbox 375 4358 532 4401; x_wconf 88' lang='lat' dir='ltr'>excusans</span> <span class='ocrx_word' id='word_1_363' title='bbox 578 4334 645 4399; x_wconf 81' lang='lat' dir='ltr'>uhd</span> <span class='ocrx_word' id='word_1_364' title='bbox 671 4357 736 4399; x_wconf 93' lang='lat' dir='ltr'>uon</span> <span class='ocrx_word' id='word_1_365' title='bbox 759 4358 886 4422; x_wconf 90' lang='lat' dir='ltr'>semper</span> <span class='ocrx_word' id='word_1_366' title='bbox 900 4339 1111 4422; x_wconf 73' lang='lat' dir='ltr'>praeeminent</span> <span class='ocrx_word' id='word_1_367' title='bbox 1126 4343 1195 4407; x_wconf 89' lang='lat' dir='ltr'>aliis</span> <span class='ocrx_word' id='word_1_368' title='bbox 1210 4347 1339 4430; x_wconf 89' lang='lat' dir='ltr'>merito,</span> 
     </span>
     <span class='ocr_line' id='line_1_45' title="bbox 188 4358 1337 4516; baseline 0.01 -28"><span class='ocrx_word' id='word_1_369' title='bbox 188 4425 244 4511; x_wconf 91' lang='lat' dir='ltr'>qui</span> <span class='ocrx_word' id='word_1_370' title='bbox 270 4424 396 4510; x_wconf 89' lang='lat' dir='ltr'>praelati</span> <span class='ocrx_word' id='word_1_371' title='bbox 422 4436 496 4487; x_wconf 90' lang='lat' dir='ltr'>sunt</span> <span class='ocrx_word' id='word_1_372' title='bbox 523 4358 640 4501; x_wconf 64' lang='lat' dir='ltr'>oficio,</span> <span class='ocrx_word' id='word_1_373' title='bbox 666 4423 799 4488; x_wconf 88' lang='lat' dir='ltr'>tandem</span> <span class='ocrx_word' id='word_1_374' title='bbox 827 4424 929 4489; x_wconf 89' lang='lat' dir='ltr'>victus</span> <span class='ocrx_word' id='word_1_375' title='bbox 960 4425 1210 4512; x_wconf 88' lang='lat' dir='ltr'>importunitatis</span> <span class='ocrx_word' id='word_1_376' title='bbox 1227 4435 1337 4516; x_wconf 84' lang='lat' dir='ltr'>taedio,</span> 
     </span>
     <span class='ocr_line' id='line_1_46' title="bbox 188 4509 1337 4597; baseline 0.012 -20"><span class='ocrx_word' id='word_1_377' title='bbox 188 4512 313 4578; x_wconf 89' lang='lat' dir='ltr'>accedit</span> <span class='ocrx_word' id='word_1_378' title='bbox 338 4527 373 4577; x_wconf 92' lang='lat' dir='ltr'>ut</span> <span class='ocrx_word' id='word_1_379' title='bbox 388 4523 511 4597; x_wconf 90' lang='lat' dir='ltr'>tangat,</span> <span class='ocrx_word' id='word_1_380' title='bbox 529 4524 563 4575; x_wconf 89' lang='lat' dir='ltr'>et</span> <span class='ocrx_word' id='word_1_381' title='bbox 578 4509 712 4576; x_wconf 85' lang='lat' dir='ltr'>sullevet</span> <span class='ocrx_word' id='word_1_382' title='bbox 724 4511 765 4575; x_wconf 90' lang='lat' dir='ltr'>de</span> <span class='ocrx_word' id='word_1_383' title='bbox 781 4511 990 4597; x_wconf 89' lang='lat' dir='ltr'>sarcophago.</span> <span class='ocrx_word' id='word_1_384' title='bbox 1037 4515 1181 4582; x_wconf 88' lang='lat' dir='ltr'>Lavatur</span> <span class='ocrx_word' id='word_1_385' title='bbox 1195 4533 1304 4587; x_wconf 88' lang='lat' dir='ltr'>autem</span> <span class='ocrx_word' id='word_1_386' title='bbox 1319 4525 1337 4591; x_wconf 71' lang='grc' dir='ltr'><strong>ἒ</strong></span> 
     </span>
    </p>
   </div>
   <div class='ocr_carea' id='block_1_5' title="bbox 0 0 1576 5159">
    <p class='ocr_par' dir='ltr' id='par_1_5' title="bbox 0 0 1576 5159">
     <span class='ocr_line' id='line_1_47' title="bbox 0 0 1576 5159; baseline 0 0"><span class='ocrx_word' id='word_1_387' title='bbox 0 0 1576 5159; x_wconf 95' lang='lat' dir='ltr'> </span> 
     </span>
    </p>
   </div>
  </div>
 </body>
</html>
