3142 5159
503 482 935 575 ''nuorsna1nonum.„
1077 564 1080 568 V
1135 485 1166 515 '·
1262 479 1307 557 17
1365 482 1368 485 ’

160 650 580 741 miraculorum-'celebratio
603 653 770 725 innumera
785 654 916 724 silenter
934 652 1051 753 allegat
1066 654 1107 721 de
1123 654 1313 735 meritorum

160 741 230 826 ejus
245 738 469 827 praerogativis.
517 739 602 807 Pace
622 740 815 809 Sanctorum
834 740 961 827 Angliae
976 740 1113 807 dixerim
1129 763 1195 811 non
1210 740 1310 811 estin

159 848 271 894 eorum
286 818 495 925 nurnero,'qui
510 824 652 909 crebriis
668 826 800 893 innovet
815 826 915 918 sigua,
932 827 987 913 qui
1003 826 1192 913 singularius
1208 827 1311 892 inmu-

159 923 209 977 tet
223 910 392 989 mirabilia,
409 935 468 1001 qui.
479 912 652 984 districtior
667 913 901 985 animadvertat
916 912 949 983 in
965 914 1113 992 discolos,
1131 914 1186 1006 qui
1201 913 1311 997 propi-

159 999 226 1067 cior
238 1000 339 1065 bonos
352 998 505 1065 exaudiat
515 1015 549 1063 et
559 1000 731 1066 modestos.
780 999 855 1069 Rex
870 1000 967 1086 igitur
979 1014 1011 1067 et
1024 1001 1153 1087 Martyr
1169 999 1310 1077 Oswine,

143 1083 439 1169 'nostrisprecibus
455 1108 564 1172 aurem
577 1086 694 1153 inclina
709 1085 919 1154 serenissimae
931 1088 1109 1153 clementiae
1126 1101 1201 1163 tuae,
1219 1099 1252 1150 et
1269 1086 1312 1157 ad

107 1189 110 1195 '
160 1172 294 1240 celebris
318 1170 511 1260 inventionis
527 1186 592 1238 tuae
614 1171 750 1261 gloriam
773 1174 1039 1241 reconciliationis
1061 1174 1200 1263 grat-iam
1213 1173 1313 1244 hodia

159 1268 342 1331 mereantur
357 1271 475 1323 nostrae
487 1258 633 1325 miseriae.
680 1259 792 1328 Passio
802 1274 859 1329 tua
869 1275 981 1329 sancta
994 1260 1054 1329 soli
1070 1260 1127 1327 tibi
1143 1259 1313 1340 concinnet

135 1398 137 1403 ,
159 1344 580 1429 aeternitatisdopriciliumr
596 1346 737 1415 inventio
752 1345 831 1414 verb
847 1346 1001 1434 corporis,
1018 1347 1174 1413 universae
1189 1345 1312 1419 nationi

159 1432 321 1523 Anglicae',
336 1443 401 1499 tam
424 1431 688 1505 inclitiadvocati
704 1433 864 1502 diffundat
885 1433 1109 1519 patrocinium.
1158 1433 1311 1499 Gaudeat

163 1520 213 1583 An
237 1519 280 1587 lia
294 1530 328 1583 et
343 1518 509 1605 plenitudo
525 1521 593 1605 ejus
609 1520 697 1605 quod
712 1520 752 1587 de
768 1544 803 1585 se
819 1520 1156 1607 protuleritarborem
1171 1520 1203 1583 in
1220 1519 1312 1591 terris

158 1544 289 1693 quidem
304 1628 394 1673 secus
410 1606 563 1673 decursus
578 1606 731 1697 aquarum
748 1606 936 1695 plantatam,
954 1621 987 1672 et
1002 1607 1155 1675 cimanum
1168 1606 1313 1691 ,proceri-

161 1704 227 1757 tate
250 1714 345 1781 super
367 1692 463 1759 caelos
486 1692 673 1761 exaltatam.
722 1693 895 1761 Gaudeant
917 1694 1098 1786 specialiter
1122 1692 1235 1779 Deyri,
1256 1694 1312 1786 qui

159 1801 269 1865 regem
285 1800 377 1843 suum
396 1779 429 1845 in
447 1790 621 1867 patronum
639 1801 732 1845 suurn
751 1792 1042 1857 commutaverunt,
1060 1793 1094 1845 et
1112 1781 1153 1848 de
1168 1779 1216 1843 ire
1234 1780 1310 1862 Dei,

135 1865 137 1869 ’
158 1868 226 1953 ejus
238 1864 420 1963 patrocinio
432 1865 501 1929 erui
515 1878 712 1933 meruerunt.
758 1865 900 1931 Doleant
919 1866 1058 1932 Bernicii
1073 1868 1132 1931 sub
1142 1867 1258 1951 jugulo
1270 1866 1312 1931 de

160 1952 268 2017 medio
291 1951 451 2019 sublatum
474 1952 663 2021 humilitatis
685 1952 860 2041 speculum,
885 1952 1040 2031 castitatis
1053 1952 1250 2033 {sacrarium
1279 1966 1312 2016 et

160 2037 333 2113 triclinium
355 2038 507 2111 caritatis.
554 2038 690 2107 Discant
713 2062 771 2123 pro
788 2041 873 2105 malo
887 2040 1009 2106 bonum
1024 2036 1170 2117 reddere,
1187 2039 1243 2127 qui
1264 2039 1313 2103 in-

160 2125 317 2191 ventionis
334 2138 477 2225 tempore
497 2126 675 2215 propicium
690 2126 833 2194 sentiunt
855 2149 915 2211 pro
930 2126 1118 2195 meritorum
1138 2126 1310 2211 exigentia,

160 2235 256 2299 quem
271 2212 424 2297 passionis
440 2212 574 2279 articulo
590 2212 768 2281 sonantibus
779 2212 895 2297 jaculis
910 2214 1137 2291 confoderunt,
1153 2236 1212 2299 pro
1228 2213 1311 2298 regis

72 2370 75 2375 Δ
160 2299 208 2365 sui
223 2299 412 2383 complenda
428 2299 579 2386 nequitia.
600 2301 793 2371 studeamus
809 2313 842 2364 et
858 2323 916 2364 nos
931 2324 1004 2368 curn
1023 2300 1140 2386 Deyris
1159 2301 1311 2386 gaudere,

160 2402 193 2451 et
216 2408 290 2453 cum
310 2385 463 2453 Berniciis
483 2409 653 2455 caveamus
667 2387 798 2462 dolere3
822 2400 857 2452 ut
877 2388 910 2451 in
930 2389 1077 2460 omnibus
1097 2387 1228 2473 agendis
1243 2388 1313 2473 ejus

159 2485 328 2563 patronam
353 2472 525 2543 sentiamus
552 2472 767 2551 clementiam,
793 2473 849 2559 qui
875 2474 1008 2543 Domini
1035 2475 1135 2571 ihesu
1158 2474 1191 2535 in
1218 2472 1314 2537 nullis

160 2560 295 2627 offendit
310 2559 534 2637 ‚voluntatem
565 2560 722 2653 largiente
752 2560 867 2625 eodem
899 2560 1041 2628 Domino
1071 2573 1181 2624 nostro
1212 2560 1311 2626 Jhesu
1372 2632 1376 2640 1

164 2647 282 2722 Crista,
299 2644 351 2713 cui
370 2657 419 2710 est
439 2668 513 2713 eum
534 2646 632 2717 Patre
652 2660 684 2715 et
708 2645 830 2731 Spiritu
854 2648 975 2714 Sancto
991 2647 1184 2733 sempiterna
1198 2646 1312 2733 gloria.

163 2734 281 2799 Auru.
1051 2759 1062 2821 3

160 2995 259 3063 CAP.
280 2993 476 3079 K-Incipit
491 2996 641 3085 praefati)
662 2999 699 3063 de
720 3000 884 3064 vineam
905 3005 934 3061 et
954 2999 1263 3082 murmuratores
1283 3007 1315 3069 rt

155 3156 158 3161 Δ
245 3082 440 3151 &mussini
456 3084 552 3163 Rapis
568 3084 727 3163 Martyris
742 3086 918 3164 Deyrorum
936 3085 1067 3160 oswini,
1083 3104 1153 3167 puae
1161 3092 1236 3166 post
1247 3086 1313 3166 rjus

193 3185 198 3194 ’
245 3171 384 3249 corporis
405 3172 618 3233 revelationem
639 3170 729 3250 lanpe*
748 3171 868 3253 latebrae
882 3173 1137 3252 diamlqatacurtt,
1153 3179 1184 3237 et
1196 3190 1264 3253 qttae
1278 3175 1312 3241 in

244 3258 380 3320 murima
395 3260 587 3319 amantiora
601 3257 759 3319 halaam.

208 3427 422 3496 Ordinaturus
446 3427 600 3495 miracula
629 3450 701 3514 quae
733 3428 825 3496 Deus
850 3450 908 3514 per
942 3428 1095 3497 Sanctum
1125 3429 1310 3517 Deyrorum

163 3514 288 3599 Regem
312 3528 345 3579 et
370 3514 553 3604 Martyrum
573 3515 736 3583 Oswinum
756 3514 933 3593 innovavit,
950 3516 1119 3584 exordium
1135 3516 1267 3587 instituo
1290 3519 1311 3583 d

159 3601 303 3667 veritatis
328 3624 408 3667 voce
431 3624 504 3691 quar
526 3600 621 3681 dixit,
646 3625 744 3687 opera
759 3625 833 3691 quae
853 3602 989 3668 Sanctus
1015 3602 1090 3668 Rex
1111 3603 1200 3682 lacit,
1221 3605 1311 3669 testi-

160 3687 304 3751 monium
316 3687 487 3773 perhibent
502 3689 543 3753 de
559 3686 625 3753 illo.
659 3688 701 3753 Et
716 3689 791 3757 ideo
806 3689 882 3753 licet
898 3692 966 3775 ejus
982 3688 1048 3755 vita
1062 3712 1121 3755 nec
1137 3704 1174 3756 ut
1188 3691 1309 3771 decuit,

160 3797 219 3839 nec
236 3788 272 3838 ut
287 3775 415 3854 meruit,
429 3775 493 3839 stili
509 3789 558 3840 est
573 3774 605 3838 in
620 3776 725 3841 lucem
741 3777 868 3862 prolata
883 3776 1001 3853 offici03
1014 3776 1176 3861 signorum
1188 3791 1308 3857 tamen,

150 3862 178 3943 ,ir
191 3863 321 3932 'saeculo
345 3863 562 3933 inauditorum
585 3864 626 3933 ad
645 3864 713 3955 ejus
729 3865 871 3933 tumbam
883 3863 970 3955 jugis
986 3864 1154 3941 exhibitio,
1172 3864 1205 3928 in
1220 3866 1310 3931 nullo

160 3948 346 4017 dissideant
362 3973 449 4029 vero,
461 3950 653 4037 privilegiati
664 3951 772 4019 meriti
787 3954 855 4039 ejus
868 3964 917 4016 est
926 3950 1103 4021 attestatio.
1134 3952 1310 4039 contigere

159 4036 278 4128 quippe
294 4050 412 4123 potest,
428 4050 466 4103 ut
480 4037 577 4121 signis
592 4050 665 4125 post
680 4051 818 4105 mortem
838 4060 902 4104 non
918 4037 1097 4116 choruscet,
1113 4039 1169 4127 qui
1185 4039 1312 4105 virtuti-

158 4124 219 4191 bus
236 4124 447 4193 choruscabat
461 4124 567 4193 adhuc
583 4124 706 4200 vivans3
722 4125 780 4189 sed
795 4124 935 4211 aliquem
950 4136 1023 4209 post
1037 4138 1173 4191 mortem
1187 4127 1309 4193 clarere

159 4210 329 4287 nutrientis,
346 4211 448 4311 quiin
464 4210 609 4277 vitanon
630 4210 744 4277 claruit
767 4211 900 4291 meritis,
918 4234 977 4278 uec
997 4212 1115 4297 legitur
1130 4236 1189 4278 nec
1205 4215 1309 4278 credi-

159 4311 223 4363 tur.
271 4296 314 4363 Et
330 4297 427 4381 igitur
442 4298 575 4364 celebris
590 4301 753 4389 signorum
768 4321 826 4384 par
842 4299 980 4366 Beatum
1000 4300 1162 4365 Oswinum
1178 4300 1309 4365 innova·
1367 4307 1372 4312 ’

157 4384 215 4462 tio,
244 4385 450 4473 antiquorum
474 4399 602 4471 petrum
627 4410 691 4453 non
718 4386 797 4451 levis
821 4387 994 4466 accusatio,
1025 4387 1079 4475 qui
1109 4387 1207 4451 vitam
1238 4388 1306 4471 ejas
1352 4400 1358 4411 '

156 4471 345 4543 meritorum
360 4470 457 4544 radiis
472 4472 643 4545 innumeris
658 4473 882 4560 praefulgidam
904 4476 964 4545 snb
987 4473 1169 4545 detestandi
1189 4473 1306 4541 silentii
