3142 5159
227 468 278 559 ’76
604 490 796 543 musanus
821 492 873 546 na
900 490 1005 543 nanu

237 678 308 721 rum
331 655 504 720 abeuntem
527 654 632 721 redire
656 654 821 740 permisit3
837 653 956 731 dicens,
981 652 1097 717 “Vide
1117 664 1153 717 ut
1175 675 1286 718 senem
1302 673 1386 738 prae-

236 755 399 829 ceptorem
417 756 506 807 tuum
524 767 564 807 ex
580 765 654 806 meo
670 744 812 819 nomine,
829 743 917 828 quod
933 757 981 806 est
997 740 1236 827 inexplicabile,
1253 742 1387 817 salutes,

236 845 269 895 et
285 830 361 917 quid
380 832 456 948 ,haec
479 833 588 895 omnia
611 830 669 895 ribi
693 830 888 915 portendant
907 828 1089 915 plenissime
1112 830 1154 894 ab
1181 828 1237 893 illo
1264 830 1388 894 discere

235 919 378 1005 poteris!

673 1252 792 1332 [oar.
818 1251 949 1329 xvir]

285 1481 372 1544 Puer
403 1500 480 1542 vero
514 1475 619 1540 statim
659 1474 803 1561 magistri
829 1474 971 1540 vultibus
1004 1487 1229 1558 praesentatur⁹
1279 1474 1390 1539 Senex

239 1590 316 1631 vero
333 1588 410 1629 mox
425 1564 499 1629 visis
516 1562 650 1627 vasculis
674 1562 812 1640 subrisit,
830 1575 862 1626 et
880 1585 944 1626 uno
968 1583 1079 1625 eorum
1095 1562 1172 1626 dato
1186 1584 1288 1647 puero
1303 1562 1390 1626 intu-

239 1655 287 1718 lit.
335 1664 355 1693 “
370 1654 431 1731 En,
448 1675 537 1738 puer,
556 1650 635 1714 mira
659 1650 690 1712 in
719 1665 751 1714 te
777 1650 887 1713 futura
913 1649 1011 1712 virtus
1027 1649 1134 1713 divina
1148 1649 1389 1734 praesignavit.''

241 1742 321 1805 Erat
338 1755 442 1804 autem
471 1740 518 1803 vir
542 1739 606 1816 ille,
623 1739 676 1824 qui
694 1761 796 1821 puero
811 1737 1002 1820 comparuit,
1020 1750 1146 1801 matura
1160 1737 1242 1801 facie
1257 1752 1291 1801 et
1306 1761 1389 1802 cana

238 1828 477 1913 pulchritudine
492 1828 648 1912 perfusus,
665 1840 697 1888 et
712 1826 801 1889 velut
817 1825 898 1908 ignis
914 1824 1045 1887 rutilans
1060 1826 1190 1887 flamma
1205 1825 1389 1890 choruscus.

242 1917 378 1980 Petente
394 1916 522 1979 demum
539 1936 650 1999 puer0,
667 1927 703 1976 ut
716 1913 744 1977 ei
760 1912 913 1999 magister
930 1912 995 1975 visa
1010 1912 1183 1976 secretiora
1198 1926 1389 1998 exponeret,

241 2003 293 2067 ille
320 2004 509 2089 obseqnenn,
536 2003 644 2066 omnia
667 2000 806 2063 dilucide
830 1999 954 2076 institit,
984 2015 1019 2062 ut
1046 1999 1214 2064 enodatius
1240 2001 1390 2085 aperiret.

243 2101 264 2131 ‘⁶
275 2091 399 2155 Senex'’
416 2092 560 2176 inquiens
589 2098 610 2129 “
621 2110 718 2151 canus
745 2102 779 2151 et
805 2105 947 2152 maturus
970 2086 1032 2149 Dei
1050 2088 1184 2152 nuncius
1200 2088 1258 2151 tibi
1274 2089 1388 2165 astitit,

241 2176 349 2240 futura
364 2176 621 2260 compendiosius
634 2175 829 2240 detecturus.
865 2174 950 2237 Nam
964 2174 1119 2252 navicula,
1133 2199 1197 2260 qua
1209 2176 1276 2240 salo
1291 2176 1390 2241 deve-

241 2264 357 2341 himur,
386 2264 530 2327 ecclesiae
557 2275 677 2326 sanctae
704 2276 752 2327 est
775 2284 863 2337 cura,
879 2285 952 2349 quae
975 2275 1039 2325 tuae
1060 2262 1092 2325 in
1115 2262 1225 2326 alienis
1241 2264 1387 2349 partibus

241 2351 396 2414 custodiae
420 2375 440 2415 a
467 2349 610 2415 Domino
635 2350 813 2433 delegatur.
862 2350 987 2413 Domus
1006 2352 1057 2413 cui
1086 2350 1211 2415 inbaesit
1234 2353 1387 2429 anchora,

241 2438 378 2503 caelestis
401 2452 449 2503 est
475 2452 506 2503 et
529 2437 670 2502 solitaria
687 2437 821 2513 mansio,
838 2460 912 2525 quae
928 2438 987 2501 tibi
1004 2437 1035 2499 in
1051 2436 1156 2501 aliena
1171 2442 1386 2540 praesignatur

240 2526 415 2610 provincia.
463 2528 549 2590 Haec
580 2526 640 2589 tria
671 2548 745 2589 vero
775 2525 905 2589 vascula
935 2525 1027 2588 unius
1059 2530 1091 2588 in
1118 2541 1230 2590 sancta
1246 2527 1388 2593 trinitate

243 2614 382 2678 Deitatis
399 2615 545 2679 colendae
561 2629 595 2677 et
606 2613 821 2699 praedicandae
834 2617 1028 2696 praesignant
1044 2613 1250 2698 exemplaria
1298 2616 1391 2692 Quo-

240 2724 311 2764 rum
326 2702 404 2765 mihi
420 2702 486 2766 duo
509 2702 678 2778 debentur,
696 2700 772 2788 quia
787 2700 919 2764 rudibus
942 2699 1069 2785 populis
1091 2702 1306 2780 credentibus,
1323 2705 1390 2767 duo

240 2789 465 2854 tantummodo
491 2803 565 2853 sunt
590 2803 754 2874 praecepta
776 2788 990 2872 praedicanda.
1039 2788 1117 2853 Uno
1133 2811 1210 2853 vero
1226 2813 1300 2855 vase
1316 2790 1392 2854 soli-

240 2876 321 2942 tudo
347 2892 412 2942 tnae
439 2876 598 2960 religiosae
622 2876 826 2941 conscientiae
857 2876 1047 2954 ostenditur,
1076 2898 1148 2961 quae
1174 2877 1257 2941 aulae
1285 2877 1390 2943 unicae

242 2963 383 3029 Deitatis
412 2965 521 3029 futura
547 2964 742 3050 praedicitur.
792 2963 867 3028 Non
896 2964 1046 3050 equidem
1070 2963 1201 3028 ulterius
1224 2966 1334 3030 visens
1357 2965 1389 3029 in

241 3074 379 3137 corpore
392 3055 424 3116 in
436 3054 494 3118 has
505 3055 685 3135 provincias
698 3078 733 3118 es
746 3074 941 3129 reversurus,
952 3053 1008 3115 sed
1024 3051 1126 3135 magis
1137 3073 1196 3135 per
1212 3052 1391 3119 Britanniae

240 3140 321 3203 fines
346 3154 459 3223 gentes
486 3140 638 3225 plurimas
666 3163 877 3206 conversurus
900 3140 1091 3206 incredulas,
1142 3139 1226 3203 Nam
1250 3164 1298 3220 ea,
1315 3165 1390 3228 quae

241 3225 358 3306 vidisti,
375 3240 449 3292 sunt
460 3228 656 3311 exemplaria
666 3228 858 3305 futurorum,
871 3249 934 3290 non
950 3227 1118 3291 fantastica
1129 3227 1267 3293 ludibria
1281 3252 1389 3314 somp-

241 3313 401 3379 niorum.”
442 3315 493 3378 Ad
509 3314 610 3379 litoris
627 3316 727 3399 optati
743 3331 871 3399 portum
888 3314 1018 3379 demum
1030 3317 1256 3400 pervenientes
1271 3332 1391 3383 cuncta

243 3400 303 3465 sibi
328 3403 486 3468 salubrius
512 3402 654 3466 arridere
681 3403 894 3488 congaudent,
911 3416 945 3466 et
961 3404 1025 3467 Dei
1043 3423 1174 3467 munera
1189 3403 1248 3468 sibi
1264 3408 1297 3470 iu
1312 3405 1389 3470 mis-

243 3490 331 3555 teriis
346 3493 498 3572 revelata,
516 3513 590 3556 cum
606 3491 709 3558 multa
723 3492 868 3557 cordium
884 3491 1048 3556 alacritate
1065 3491 1245 3560 sustollunt.

669 3873 786 3963 [cnr.
811 3871 961 3959 xvim]

290 4101 375 4166 Ecce
391 4100 489 4188 igitur
504 4100 565 4165 illis
582 4100 613 4163 in
629 4111 725 4185 portu
740 4094 955 4163 residentibus
979 4111 1012 4162 et
1034 4098 1182 4163 certatim
1198 4100 1240 4164 de
1257 4102 1329 4165 navi
1352 4102 1388 4167 in

244 4189 374 4279 Angliae
389 4188 498 4254 littora
512 4188 662 4277 progredi
684 4187 920 4261 festinantibus,
938 4185 1045 4250 subito
1060 4210 1133 4251 cum
1149 4188 1270 4272 impetu
1287 4190 1392 4254 maxi-

236 4303 298 4344 mo
313 4277 437 4347 ,vitulus
462 4277 516 4342 ille
539 4280 680 4341 marinus
703 4275 890 4353 adveniens,
914 4272 1020 4336 exitus
1042 4274 1145 4338 litoris
1168 4275 1332 4360 anticipat,
1358 4293 1392 4343 et

241 4367 360 4433 librum
382 4388 478 4451 super
501 4366 623 4431 aridam
646 4366 799 4432 evomuit.
857 4363 951 4427 Tunc
967 4362 1194 4445 congratulans
1210 4366 1390 4430 comminus

242 4456 386 4535 accessit,
402 4454 583 4549 librumque
599 4477 691 4520 suum
707 4452 836 4541 recepit
886 4447 1007 4514 Videas
1023 4449 1162 4541 denique
1178 4471 1259 4536 puer
1273 4454 1393 4526 librum
