3142 5159
571 484 683 541 aneis
711 491 931 541 unisonum.
1283 476 1329 542 Ql

182 650 359 715 Cast-ellum
381 649 508 729 dicitur,
533 652 696 739 quondam
711 670 790 715 vero
814 650 1039 717 Moneccestre
1061 651 1240 729 dicebatur,
1256 653 1330 717 fixit

180 738 320 801 tentoria
330 759 425 821 super
439 738 568 823 Tynam
582 738 726 805 fluvium.
776 737 966 823 Contigerat
979 738 1068 803 enim
1083 754 1158 803 tunc
1174 742 1328 823 temporis

178 823 313 889 fluvium
339 824 441 908 ipsum
466 824 549 891 adeo
575 848 644 893 esse
669 824 852 903 dirivatum,
881 837 918 889 ut
944 827 1142 901 transvadari
1167 848 1326 911 nusquam

178 923 299 993 piasset,
317 933 375 975 nec
391 911 497 996 pontis
511 912 568 999 qui
584 913 681 976 modo
694 912 846 989 cernitur,
862 912 1057 977 adminiculo
1070 926 1199 997 pateret
1215 914 1328 978 transi·

179 1010 241 1061 tas.
300 997 406 1082 Hujus
428 999 528 1087 igitur
549 998 748 1065 necessitatis
770 998 950 1076 occasione,
966 1022 1027 1063 rex
1039 1000 1120 1063 inibi
1140 999 1327 1064 nonnullam

177 1083 299 1149 fecerat
322 1106 457 1150 moram.
504 1085 683 1151 Normanni
705 1108 783 1151 vero
803 1085 848 1149 de
869 1086 984 1171 rapina
998 1086 1105 1151 vivere
1120 1087 1250 1165 assueti,
1265 1084 1328 1149 sibi

177 1186 211 1234 et
229 1172 383 1257 jumentis
398 1172 462 1235 snis
474 1172 712 1237 exhibitionem
733 1185 910 1257 rapuerunt
925 1173 966 1236 de
980 1172 1058 1237 locis
1073 1172 1327 1258 circurnjacenti-

176 1259 247 1325 bus.
296 1258 363 1323 sed
375 1258 454 1344 quia
468 1272 568 1323 tantae
582 1258 780 1323 multitudini
794 1280 860 1323 non
874 1258 1051 1323 sufficiebat
1065 1273 1236 1343 paupertas
1248 1258 1324 1337 loci,

176 1343 343 1409 audientes
367 1345 454 1429 apud
479 1344 726 1431 Tynemudbam
749 1346 929 1430 depositam
948 1368 1022 1410 esse
1042 1345 1141 1412 totius
1156 1345 1326 1431 provintiae

173 1431 396 1509 substantiam,
413 1433 473 1496 snb
491 1432 694 1497 festinatione
709 1432 818 1496 locum
832 1432 965 1510 adeant,
981 1445 1019 1497 ut
1033 1432 1109 1496 inde
1121 1432 1249 1517 rapiant
1265 1433 1325 1497 sibi

177 1517 275 1582 victui
286 1518 476 1583 necessaria.
523 1519 698 1585 Porrorex
713 1519 854 1585 babebat
869 1520 1034 1584 tribunum
1047 1519 1185 1585 rnilitum
1199 1521 1326 1586 Robat-
1362 1523 1364 1527 ’

177 1617 247 1667 tum
255 1604 404 1681 nomine3
419 1605 589 1671 euiscerat
602 1606 809 1671 multaturba
824 1606 1063 1670 indomabilium
1072 1606 1322 1673 eanissarionum.

180 1690 333 1755 Hiccunr
356 1692 488 1755 vidisset
508 1692 633 1755 erninus
649 1691 763 1757 turrim
783 1692 930 1756 ecclesiae
957 1693 1050 1757 Beati
1067 1694 1168 1777 Regis
1181 1708 1217 1758 et
1234 1695 1325 1761 Mar·

177 1778 256 1859 tyris
272 1778 406 1855 Oswini,
422 1779 510 1843 etde
526 1778 640 1842 merito
660 1778 769 1843 Sancti
784 1778 958 1843 instructus
972 1791 1060 1844 esset
1071 1802 1095 1842 a
1106 1781 1322 1859 narrantibus,

176 1864 325 1929 deferens
351 1866 482 1941 Sancto,
499 1865 561 1929 iter
582 1866 721 1943 reflexit,
745 1864 893 1931 inhibens
917 1866 1069 1930 omnibus
1092 1867 1159 1931 suis
1186 1867 1323 1933 ulterius

174 1952 363 2034 precedere.
422 1951 525 2015 Porro
543 1951 701 2015 emissarii
720 1954 792 2038 ejus
812 1975 855 2016 eo
877 1952 1052 2029 nesciente,
1077 1952 1325 2039 Tynemudham

176 2038 404 2116 accelerantes,
422 2037 540 2121 rapinis
565 2061 598 2101 se
619 2052 764 2116 onerant,
781 2052 816 2103 et
831 2040 939 2103 onusti
954 2040 1157 2104 anathemate
1172 2040 1215 2103 ad
1228 2064 1324 2105 exer-

176 2123 276 2189 citum
302 2125 426 2210 regium
456 2138 631 2209 reportant,
662 2138 697 2189 et
726 2126 817 2211 equis
847 2126 913 2190 suis
941 2126 1061 2191 exinde
1088 2138 1257 2210 apponunt
1286 2143 1323 2190 ut

169 2212 356 2287 ›comedant
406 2210 484 2275 Erat
500 2224 607 2275 autem
613 2214 686 2297 jam
701 2212 789 2277 dicto
807 2212 954 2276 Roberto
966 2235 1067 2299 equus
1082 2212 1273 2290 carissimus,
1286 2215 1321 2277 in

175 2320 240 2383 quo
266 2298 421 2375 residens,
449 2298 599 2364 militaria
622 2321 775 2364 exemere
801 2300 938 2377 solebat,
966 2299 1116 2385 quotiens
1145 2299 1321 2364 necessitas

174 2385 336 2468 exigebat.
382 2385 445 2451 Cui
460 2386 545 2449 inter
560 2398 695 2450 caeteros
709 2408 811 2471 equos
825 2388 1008 2470 appositum
1022 2398 1073 2449 est
1085 2386 1130 2449 de
1145 2386 1266 2469 rapina,
1283 2401 1321 2450 ut

172 2472 371 2535 cornederot.
417 2472 640 2537 Consedebant
656 2494 767 2542 omnes
781 2471 885 2548 avida,
901 2471 978 2557 quia
991 2472 1076 2535 fame
1091 2472 1241 2535 diuturna
1251 2495 1319 2557 proe

169 2558 318 2623 ciborum
332 2558 468 2641 penmib
482 2558 717 2623 crnoiabantur.
766 2558 833 2621 Sed
847 2557 901 2621 alii
913 2555 1126 2621 incontinenti
1139 2558 1321 2623 morieban-

172 2657 238 2719 tur,
264 2644 318 2707 alii
344 2643 377 2706 in
398 2644 556 2709 insaniam
581 2645 801 2709 vertebantur.
858 2643 1019 2708 Insaniam
1033 2662 1171 2730 namque
1183 2644 1319 2711 diversis

174 2729 300 2795 indiciis
310 2730 500 2813 prodebant.
549 2730 708 2795 Aliienim
719 2730 863 2795 membra
869 2730 1006 2815 propriis
1014 2730 1167 2796 dentibus
1178 2730 1243 2798 sibi
1255 2729 1320 2796 dis·

175 2818 350 2901 carpebant
362 2841 371 2892 ;
402 2817 455 2881 alii
477 2817 601 2901 linguas
625 2818 686 2882 sibi
708 2816 848 2883 abscisas
869 2819 1068 2901 expuebant,
1092 2831 1127 2881 et
1147 2817 1320 2903 adpropin-

170 2918 311 2989 quantes
323 2926 470 2990 quosque
485 2905 572 2969 calce
588 2918 621 2969 et
636 2927 743 2969 morsu
758 2904 932 2968 radebant.
978 2904 1123 2969 Audiens
1143 2926 1222 2988 orgo
1234 2927 1320 2989 prae-

173 2991 280 3055 dictus
295 2992 441 3055 tribunes
452 3014 572 3077 equum
588 3004 654 3056 tam
667 2989 778 3055 caium
794 3014 868 3054 curn
882 2990 952 3055 aliis
963 2989 998 3053 in
1012 2990 1171 3055 insaniam
1181 3013 1318 3068 versum,
1367 3004 1369 3008 ’

174 3077 331 3153 indoluit3
347 3090 381 3141 et
394 3079 492 3142 causa
505 3079 645 3161 cogniti,
659 3079 701 3143 de
715 3078 860 3162 pacanda
877 3076 988 3141 Sancti
1005 3076 1158 3162 Martyris
1174 3076 1321 3161 indigna·

174 3165 262 3231 tione
278 3188 387 3229 secum
403 3164 603 3229 deliberavit.
650 3166 775 3229 Pallam
784 3164 894 3250 itaque
906 3186 1002 3250 quam
1013 3163 1153 3227 habebat
1164 3163 1320 3248 optimam

176 3252 235 3316 sub
248 3252 333 3315 omni
348 3251 514 3318 celeritate
534 3253 653 3316 Sancto
667 3250 852 3328 destinavit,
870 3264 904 3315 et
919 3272 1014 3335 super
1028 3250 1321 3315 reverentissimum

174 3340 244 3422 ejus
254 3361 369 3423 corpus
381 3338 514 3403 extendi
525 3340 690 3423 pracepit.
737 3338 905 3403 Miraresl
947 3338 1016 3401 Sub
1025 3338 1143 3401 eodem
1154 3350 1321 3402 momento
1348 3411 1352 3422 ⁴

174 3446 239 3510 qao
257 3426 341 3509 palla
359 3424 528 3509 sepulchro
548 3425 748 3510 superposita
766 3437 827 3503 est,
843 3437 878 3489 et
900 3443 1004 3511 equus
1023 3424 1166 3509 pristinae
1188 3424 1320 3489 sanitati

173 3511 342 3575 restinctus
369 3524 430 3589 est,
455 3525 489 3575 et
515 3514 662 3577 tribunus
687 3511 878 3576 multimodi
903 3510 1016 3576 laetitia
1039 3512 1193 3598 repletus.
1253 3511 1320 3586 Qui

178 3598 288 3663 Sancti
312 3598 462 3663 meritum
483 3599 659 3683 proedicare
673 3620 738 3661 non
752 3597 888 3673 destitit,
906 3610 940 3661 et
953 3618 1023 3662 rem
1039 3612 1166 3682 gestam
1188 3620 1319 3663 narrare

172 3684 333 3762 omnibus,
350 3686 467 3771 quibus
482 3685 576 3749 nacti
587 3686 809 3771 oportunitate
819 3684 938 3770 potnit,
956 3706 1020 3748 non
1036 3685 1186 3751 tardavit.

174 3948 275 4011 CAP.
297 3947 554 4025 IX.-Quab'ter
567 3952 694 4031 quidam
715 3949 803 4010 mike
824 3950 862 4010 de
882 3949 1016 4032 scopulis
1037 3966 1130 4009 ruens
1150 3968 1317 4030 cumeneo,

267 4036 1222 4116 metaneamodeuamaaacnveatussaamqw.
1286 4093 1295 4108 ,

216 4205 317 4268 Aliud
329 4229 457 4292 quoque
466 4207 655 4270 miraculum
666 4206 812 4291 praedicti
831 4206 929 4290 Regis
942 4203 998 4270 filii
1015 4218 1160 4290 tempore
1172 4206 1318 4290 contigit,

172 4292 262 4377 quand
274 4292 318 4357 ab
333 4315 372 4356 eo
388 4293 420 4355 in
435 4316 500 4379 qno
514 4294 712 4359 celebratum
729 4308 791 4372 est,
806 4295 924 4378 sapias
943 4306 977 4364 et
996 4294 1142 4378 pluribus
1154 4307 1332 4357 narratam.

171 4391 232 4445 est.
279 4378 454 4445 Direxerat
468 4402 528 4447 rex
547 4380 721 4445 Willelmus
732 4380 842 4465 junior
857 4402 1083 4467 nonnunquam
1101 4379 1266 4462 Nigellmn
1279 4381 1322 4443 da

176 4465 337 4546 Albineio,
354 4488 471 4554 magno
494 4479 529 4533 et
552 4467 658 4533 valido
677 4468 814 4533 militum
835 4468 987 4552 stipatum
1006 4469 1144 4551 agmine,
1161 4488 1234 4529 cum
1253 4467 1322 4530 aliis

716 4576 736 4617 Β
755 4560 774 4617 3
