3142 5159
637 472 730 524 VITA
749 472 890 523 snucn

275 928 391 1017 [CAP.
415 924 766 1015 XLlVl-prmodo
782 930 972 1012 puraliobru
990 948 1049 1011 per
1069 927 1134 1009 ejus
1153 928 1248 991 colci-

592 1024 716 1082 amento
730 1020 773 1080 sit
789 1024 927 1083 sonatur.

318 1240 404 1306 Leto
419 1249 614 1325 torpescens,
629 1237 833 1303 miserandus
847 1236 940 1302 adest
961 1234 1159 1313 adolescens,

319 1326 405 1392 Nam
419 1328 524 1392 fuerat
533 1326 630 1413 plane
645 1347 746 1411 prope
761 1325 808 1389 nil
823 1324 884 1389 nisi
899 1346 1016 1409 corpus
1030 1325 1144 1388 inane:

321 1414 470 1479 Officium
486 1413 610 1478 nullum
626 1413 688 1477 sibi
703 1412 881 1477 membrum
897 1411 1052 1498 praestitit
1066 1411 1180 1489 ullum,

319 1501 473 1566 Sensibus
489 1514 589 1564 exuto
605 1499 741 1565 velutin
756 1511 896 1563 mortem
911 1498 1071 1574 resolut03

318 1588 482 1675 Nullaque
497 1598 693 1651 tormentum
709 1586 825 1649 minuit
839 1586 887 1650 vis
902 1596 971 1650 arte
987 1587 1186 1654 medentum.

316 1674 466 1740 Tandem
481 1672 663 1762 languentis
681 1672 815 1760 vestigia
829 1673 1055 1751 calciamentis,

321 1762 405 1836 Quae
420 1774 530 1825 texere
546 1772 617 1824 tuas
633 1761 809 1848 quondam,
821 1778 913 1845 pater
927 1761 1050 1837 inclite,
1067 1760 1200 1845 plantas,

315 1848 405 1913 Dum
419 1847 659 1925 circundantur,
676 1869 754 1912 mox
768 1847 869 1913 noxia
886 1847 1135 1926 mollificantur3

318 1935 459 2001 Morbus
474 1934 622 2013 mitescit,
639 1956 752 1998 somno
767 1935 914 2020 placidus
929 1935 1122 2022 requiescit3

316 2024 452 2090 Somnos
467 2023 615 2109 interque
630 2044 685 2105 pes
702 2022 839 2107 palpitat
850 2023 919 2107 ejus
934 2036 1087 2110 uterque3

320 2110 405 2176 Hinc
420 2122 458 2175 ut
473 2122 579 2194 coepta
593 2109 677 2173 salus
693 2121 827 2174 cunctos
841 2124 1042 2194 pertranseat
1056 2122 1156 2189 artus,

319 2197 483 2282 Evigilans
498 2197 603 2275 laetus,
619 2218 711 2261 sacro
726 2196 937 2263 medicamine
959 2198 1070 2276 fretus,

314 2286 389 2350 Jam
404 2296 516 2349 contra
529 2305 653 2348 morem
668 2284 728 2349 sibi
743 2286 843 2350 sensit
856 2286 960 2350 inesse
975 2286 1141 2374 vigorem:

318 2372 478 2456 Surgebat
492 2372 607 2449 stabat,
624 2371 703 2450 ibat,
718 2372 893 2459 laudesque
907 2373 1053 2452 sonabat,

316 2459 446 2525 Laudat
460 2459 645 2537 salvantem,
662 2473 694 2525 te
711 2462 808 2525 tantis
824 2462 1103 2544 magnificantem

318 2546 380 2626 Te,
396 2559 488 2632 poter
503 2546 646 2635 insignis,
664 2560 729 2611 tam
744 2547 853 2611 multis
865 2549 974 2612 inclite
989 2547 1098 2632 signis.

316 2634 385 2711 Qui
399 2634 461 2698 fuit
475 2634 590 2699 allatus
603 2634 689 2698 redit
702 2636 771 2719 ipse
785 2635 884 2720 pedes
899 2648 1082 2703 renovatus.
1119 2648 1124 2653 “

316 2720 382 2787 Fac
396 2720 494 2785 michi
508 2722 669 2800 virtutem,
682 2721 780 2786 michi
795 2722 1002 2807 deposcendo
1016 2723 1164 2799 salutem,

317 2808 442 2875 Mentis
461 2820 496 2874 et
518 2809 654 2889 infirma,
670 2832 792 2897 quaeso‚
806 2822 916 2875 sancta
929 2831 1027 2896 prece
1037 2810 1141 2878 firma

271 3158 386 3258 [CAR
421 3167 690 3248 XLVq-Quod
708 3192 769 3253 per
788 3172 899 3253 pellem
929 3172 1102 3247 vitulinam,
1117 3191 1188 3254 quoe
1211 3176 1246 3236 in

326 3258 439 3339 unqua>
452 3260 583 3320 oratorii
596 3261 647 3321 soi
660 3258 887 3339 offieafuerat,
904 3260 1078 3323 multisunt
1088 3264 1199 3323 curati.

316 3478 400 3556 Quis
412 3498 477 3542 non
492 3477 626 3543 miretur
641 3478 729 3566 qnod
744 3477 836 3563 pellis
851 3491 884 3543 et
898 3480 969 3565 ipsa
983 3480 1157 3545 medetur?

316 3567 415 3631 Sacra
429 3567 559 3653 quidem
574 3565 676 3651 pellis,
693 3565 784 3632 saevis
797 3567 925 3652 objecta
938 3567 1100 3652 procellis,

314 3653 411 3717 AEdis
425 3655 461 3717 in
476 3653 536 3718 hac
553 3668 645 3739 parte
662 3676 726 3741 qua
742 3654 909 3719 Christum
924 3676 1070 3739 poscere,
1087 3667 1205 3734 sancte,

313 3739 450 3805 Dudum
466 3741 608 3821 saevisti,
625 3764 759 3827 poscens
774 3754 809 3806 et
822 3741 1034 3826 promeruisti.

316 3826 403 3891 Haec
418 3828 566 3915 equidem
582 3829 684 3913 pellis,
700 3827 806 3894 morbi
821 3830 980 3899 medicina
994 3829 1135 3906 misellis,

317 3913 476 3979 Omnibus
491 3928 611 3999 optata,
627 3915 763 4003 largitur
777 3915 967 4001 particulata

307 4000 446 4086 Felgildi
461 4001 559 4080 dono,
576 4002 641 4089 qni,
659 4017 701 4081 te,
720 4004 908 4081 Cuthberte,
925 4015 1074 4090 patrono,

312 4088 362 4153 Ut
371 4087 427 4173 jus
441 4088 577 4169 heredis,
588 4093 656 4178 jam
671 4090 787 4157 tercius
801 4091 908 4156 incola
922 4092 1015 4171 sedis,

314 4175 392 4242 Vita
406 4198 479 4242 cum
494 4191 584 4245 casta
598 4179 701 4248 tenuit
716 4192 772 4249 tua
787 4178 895 4246 dulcia
908 4193 1024 4248 castra.
