3142 5159
291 493 341 561 54
579 468 583 475 ⁵
737 510 831 559 vrrn
858 508 1000 561 oswrnr

291 670 369 758 quio
386 682 485 734 tuntae
499 668 652 734 bonitatis
672 672 806 755 praemia
823 672 970 757 largitur.
1019 671 1115 734 Auno
1130 681 1239 735 autem
1256 669 1447 736 Dominicae

290 757 517 821 incarnationis
533 756 701 821 millesimo
717 760 894 823 centesimo
906 758 1104 843 octogesimo
1120 769 1246 844 quarto,
1263 756 1282 820 a
1297 759 1447 823 Domino

290 844 411 907 factum
428 860 477 909 est
493 844 588 923 istud,
607 858 640 909 et
664 857 713 908 est
737 845 882 910 mirabile
902 846 933 908 in
950 845 1050 909 oculis
1066 845 1201 920 uostris;
1225 844 1358 931 quiade
1375 858 1445 910 tam

288 930 394 994 subita
409 945 441 995 et
457 931 553 995 celeri
568 931 704 996 sanitate
714 932 820 998 mirari
836 955 1004 1018 possumus
1017 955 1026 1008 ;
1041 931 1100 995 sed
1114 932 1161 996 rei
1176 946 1277 1017 gestae
1292 947 1445 996 naturam

288 1030 322 1081 et
337 1018 469 1081 modum
493 1018 685 1103 investigare
700 1041 765 1084 nou
780 1020 934 1097 valemus,
952 1042 1026 1083 cum
1049 1018 1170 1083 nonsit
1185 1030 1331 1083 nostrum
1345 1041 1444 1084 nosse

288 1117 435 1190 tempora
449 1105 501 1169 vel
516 1119 679 1171 momenta
694 1128 767 1192 quae
785 1108 884 1172 Pater
898 1106 1008 1193 posuit
1023 1106 1054 1170 in
1070 1106 1127 1169 sua
1141 1118 1313 1191 potestate.

332 1368 431 1433 CAP.
441 1367 529 1431 XLI
533 1368 641 1431 .-De
652 1371 740 1431 ancia
750 1388 821 1450 qna·
835 1370 873 1435 de
884 1370 992 1433 Sancti
1001 1369 1128 1431 decimis
1130 1368 1254 1449 froude
1268 1368 1394 1430 audatis

669 1458 821 1518 comedere
831 1476 891 1519 aon
902 1456 1051 1518 valebant.

331 1624 432 1689 Aliud
455 1647 586 1713 quoque
609 1625 797 1690 miraculum
818 1627 999 1711 accepimus
1014 1625 1130 1689 nostris
1146 1624 1344 1710 temporibus
1360 1648 1441 1689 cou-

286 1711 406 1795 tigisse,
424 1712 512 1798 quod
527 1724 560 1776 et
573 1712 676 1776 relatu
688 1714 865 1797 jocundum
878 1726 936 1790 est,
951 1726 984 1777 et
997 1712 1150 1776 memoria
1161 1712 1304 1795 dignum.
1344 1712 1439 1776 Deus

287 1799 373 1861 euim
393 1799 468 1863 licet
484 1801 526 1863 sit
545 1822 678 1883 magnus
694 1800 725 1862 in
742 1802 874 1885 magnis,
893 1798 1049 1863 mirabilia
1064 1812 1172 1862 tamen
1184 1798 1342 1887 gloriosus
1358 1822 1439 1883 ope-

284 1898 375 1949 ratur
397 1886 429 1949 in
452 1885 598 1963 minimis,
616 1900 652 1950 ut
668 1886 804 1950 sciamus
819 1888 906 1973 quod
922 1908 1020 1971 parva
1035 1907 1098 1948 non
1114 1885 1243 1963 deserit,
1261 1885 1373 1971 quiex
1388 1886 1441 1948 ni-

285 1972 370 2036 chilo
383 1987 498 2036 cuncta
510 1972 641 2036 creavit.
676 1973 754 2037 Erat
767 1975 798 2037 in
813 1973 969 2039 Chirtuna
982 1974 1028 2035 vir
1040 1971 1169 2057 quidam
1183 1971 1297 2035 timens
1313 1972 1436 2049 Deum,

285 2069 319 2121 et
342 2059 481 2123 decimas
505 2060 592 2123 recte
614 2058 748 2122 offerens
765 2063 906 2124 omnium
923 2082 996 2146 quae
1012 2058 1218 2143 possidebam
1238 2076 1372 2144 eratque
1387 2059 1438 2122 illi

286 2167 369 2207 uxor
384 2147 452 2229 ejus
469 2144 628 2209 contraria
639 2146 793 2222 moribus,
810 2147 886 2233 quia
899 2147 1007 2210 Deum
1024 2166 1087 2208 nou
1099 2145 1244 2223 timebat,
1258 2167 1317 2208 nec
1330 2146 1438 2208 homi-

283 2252 358 2292 nem
383 2234 561 2295 verebatur.
610 2231 674 2295 Hic
698 2247 805 2296 autem
831 2235 879 2296 vir
902 2245 1047 2317 tempore
1070 2232 1243 2308 messioniS,
1273 2254 1348 2295 cum
1375 2254 1437 2316 per

283 2330 385 2380 metas
409 2317 561 2394 modicas,
586 2330 622 2381 ut
642 2318 737 2381 moris
753 2333 803 2382 est
818 2319 1023 2396 metentibus,
1040 2318 1149 2401 fruges
1164 2342 1236 2381 suas
1252 2318 1436 2401 collegisset

281 2402 314 2467 in
328 2425 416 2488 agra,
431 2403 586 2468 decimam
601 2418 717 2468 metam
735 2406 853 2485 Sancto
867 2406 996 2470 Oswiuo
1008 2404 1208 2488 consignavit
1216 2407 1249 2468 in
1262 2405 1433 2484 decimam,

284 2513 323 2554 eo
346 2490 434 2577 quod
457 2504 543 2555 terra
559 2514 616 2555 sua
639 2492 679 2555 ad
707 2494 817 2556 Sancti
836 2492 1011 2556 dominium
1033 2492 1229 2575 pertineret3
1253 2510 1287 2554 et
1305 2506 1434 2575 partem

282 2577 369 2641 bladi
391 2577 546 2663 reliquam
570 2601 644 2664 quae
666 2601 739 2642 eum
766 2580 986 2663 contingebat,
1007 2579 1138 2641 domum
1161 2601 1234 2641 cum
1257 2600 1349 2641 carro
1363 2592 1434 2642 stu-

282 2663 391 2728 diosus
414 2666 554 2749 agricola
577 2665 767 2729 deducebat.
817 2666 914 2730 Uxor
930 2688 1006 2728 vero
1027 2665 1095 2748 ejus
1111 2688 1206 2728 aucas
1222 2664 1343 2728 habens
1358 2666 1433 2748 plu·

281 2750 387 2826 rimae,
405 2751 457 2814 die
473 2752 611 2837 quadam
634 2775 687 2815 eas
710 2766 785 2815 ante
809 2776 843 2815 se
866 2752 973 2837 coegit
989 2752 1020 2814 in
1037 2774 1160 2835 agrum,
1179 2764 1214 2815 ut
1230 2751 1336 2835 spicis,
1354 2774 1430 2838 quae

281 2836 470 2900 metentium
495 2860 606 2900 manus
620 2839 781 2921 fugerant,
798 2858 1027 2923 pascerentur3
1043 2851 1077 2901 et
1093 2838 1167 2901 tulit
1181 2839 1315 2921 garbam
1330 2861 1430 2902 unam

281 2923 323 2987 de
343 2923 451 2987 Sancti
467 2923 608 3002 decimis,
626 2940 658 2988 et
674 2948 780 2988 coram
798 2928 883 2988 aucis
899 2925 968 2988 viro
983 2924 1147 2988 nesciente
1163 2923 1309 3009 projecit.
1358 2925 1430 2988 Illae

282 3023 402 3088 autem,
424 3024 578 3097 tanquam
597 3012 718 3076 facinus
739 3013 945 3077 attendentes
964 3024 998 3076 et
1016 3011 1236 3089 abhorrentes,
1254 3012 1408 3093 fugerunt
1418 3036 1428 3088 ;

247 3136 250 3143 ·
280 3109 314 3160 et
337 3119 397 3161 nec
418 3099 550 3181 garbam
572 3098 743 3181 respicere,
761 3100 818 3163 sed
834 3122 893 3163 nec
909 3122 979 3163 earu
996 3098 1028 3160 in
1043 3097 1151 3184 aliquo
1167 3100 1355 3181 contingere
1371 3120 1429 3162 vo·

280 3184 421 3246 luerunt.
470 3184 563 3249 Uxor
578 3200 685 3248 autem
702 3186 867 3272 indignata
882 3208 977 3270 super
992 3185 1051 3262 his,
1069 3199 1102 3247 et
1118 3184 1205 3270 quod
1220 3184 1252 3247 in
1268 3184 1429 3248 decimam

281 3283 371 3332 tanta
392 3269 480 3332 bladi
502 3270 550 3332 sui
572 3273 679 3353 portio
701 3272 908 3355 pervenisset,
925 3272 998 3335 felle
1022 3284 1110 3334 mota
1124 3272 1276 3348 femineo,
1293 3272 1428 3354 garbam

279 3356 414 3418 decimae
437 3355 521 3419 tulit.
569 3357 621 3421 Ab
644 3380 722 3441 agro
745 3381 839 3421 aucas
863 3361 981 3441 abegit,
1003 3359 1200 3444 domumque
1216 3358 1401 3442 properavit
1413 3385 1425 3435 3

277 3455 310 3506 et
326 3442 394 3505 illas
410 3442 441 3505 in
457 3444 591 3527 parvulo
606 3444 721 3507 locello
736 3445 876 3521 reclusit,
890 3445 1096 3530 projectaque
1108 3446 1220 3508 eadem
1232 3445 1428 3528 garbdlnter

277 3529 357 3608 illas,
375 3531 524 3594 ostiolum
547 3530 727 3609 offirmavit,
745 3546 777 3596 et
794 3531 949 3595 discessit.
1003 3530 1171 3616 Dixitque,
1192 3536 1294 3595 “Aut
1308 3532 1425 3610 edetis,

279 3630 335 3682 aut
361 3619 570 3682 moriemini.''
617 3618 668 3681 Et
680 3618 727 3681 his
743 3619 845 3695 dictis,
862 3618 986 3682 caeteris
1003 3640 1037 3681 se
1053 3620 1117 3679 suis
1132 3618 1268 3702 negotiis
1284 3617 1427 3703 implica-

278 3706 346 3767 bat.
387 3707 468 3768 Cum
486 3728 562 3769 vero
570 3708 636 3790 jam
651 3729 684 3769 se
697 3706 764 3769 dies
776 3704 955 3780 inclinaret,
969 3704 1063 3768 rediit
1072 3705 1206 3780 mulier;
1222 3705 1302 3768 scire
1316 3706 1424 3768 volens

278 3805 384 3853 utrum
402 3792 457 3854 irre
473 3792 570 3854 animi
586 3792 790 3855 satisfecisset
805 3792 896 3854 famis
912 3792 1036 3876 injuria,
1051 3803 1084 3854 et
1099 3792 1244 3875 aperiens
1261 3792 1422 3870 ostiolum,

276 3894 309 3944 et
319 3877 438 3941 volenti
455 3878 597 3955 introire,
615 3901 704 3941 aucae
720 3891 955 3962 perstrepentes
971 3891 1188 3955 occurrerunt,
1202 3878 1291 3963 quasi
1303 3879 1421 3957 cibum,

276 3966 295 4029 a
319 3964 448 4027 domina
472 3965 683 4028 more-solito
709 3964 936 4029 mendicantes.
985 3965 1069 4038 Quae
1095 3965 1211 4028 mirata
1234 3964 1419 4049 plurimum,

277 4052 409 4137 garbam
433 4050 615 4134 diligentius
639 4051 777 4128 intuenS,
802 4074 872 4115 eam
894 4075 958 4114 uon
977 4052 1079 4115 solum
1095 4051 1250 4115 intactam
1266 4054 1419 4135 repperit,

275 4140 333 4203 sed
355 4161 414 4201 nec
438 4140 535 4201 etiam
557 4139 589 4200 in
613 4138 705 4202 unius
729 4139 825 4223 spicae
848 4138 983 4222 vestigio
999 4136 1119 4224 aliquid
1133 4138 1271 4209 laesionis
1286 4137 1420 4201 invenit.

279 4224 408 4308 Quippe
431 4246 521 4288 aucae
542 4224 672 4287 inclusae
691 4226 798 4309 capita
816 4226 1008 4290 claudebant
1024 4225 1055 4288 in
1072 4225 1139 4302 alis,
1156 4238 1190 4289 et
1207 4239 1358 4310 tanquam
1373 4225 1422 4287 ni·

277 4310 339 4378 chil
364 4311 427 4375 cibi
451 4311 494 4373 eis
519 4327 601 4376 esset
625 4313 816 4397 appositum,
845 4313 965 4376 victum
988 4311 1117 4375 solitum
1140 4324 1361 4397 expectantes,
1387 4310 1422 4376 in

273 4420 353 4485 pace
376 4398 599 4463 consederunt.
646 4400 766 4463 Mulier
789 4412 896 4464 autem
922 4400 953 4461 in
970 4422 1003 4461 se
1018 4399 1156 4476 rediens,
1173 4400 1306 4483 garbam
1327 4397 1420 4474 tulit3

274 4496 307 4551 e't
323 4486 454 4550 alteram
472 4486 512 4549 de
529 4486 671 4550 dominio
687 4510 744 4550 suo
761 4487 843 4551 inter
858 4486 926 4549 illas
942 4486 1087 4572 projecit,
1099 4508 1172 4572 quae
1185 4486 1281 4550 etiam
1294 4496 1419 4549 astante
