3142 5159
606 406 845 486 cumanum.

290 597 427 665 Fercula
442 606 636 675 sanctorum,
653 596 783 661 firmum
797 592 962 659 munimen
976 615 1105 675 eorum,

293 688 384 751 Dans
399 685 512 751 laudes
527 684 637 763 almas,
654 683 793 749 sustollis
804 682 847 747 ad
862 684 985 748 aethera
999 682 1138 769 palmas,

292 774 421 840 Palmas
436 784 470 837 et
485 771 620 850 vultum,
637 771 775 836 sitiendo
791 769 903 835 coelica
916 771 1065 850 multum,

294 863 347 927 Sic
363 861 448 927 inter
462 858 576 925 laudes
591 859 764 925 ascendere
779 857 886 924 sidera
899 858 1031 944 gaudem

296 948 451 1015 Gaudens
466 946 588 1025 ditaris,
605 946 733 1012 deitatis
749 946 790 1011 ab
806 969 863 1011 ore
877 947 994 1025 bearis,

296 1039 553 1122 Sanctorumque
568 1034 686 1099 chorus
702 1032 759 1099 tibi
781 1032 907 1119 plaudit
921 1034 1018 1099 laude
1034 1054 1182 1099 canorus.

296 1123 328 1188 Ο
343 1121 350 1188 l
375 1122 428 1188 cui
444 1123 581 1188 coelestis
593 1120 678 1187 canit
692 1122 797 1210 ymnis
809 1119 923 1186 concio
937 1121 1035 1201 festis,

299 1210 426 1277 Ultima
440 1211 612 1276 verborum
627 1208 677 1273 fac
693 1232 745 1274 me
760 1231 888 1274 servare
902 1220 1054 1273 tuorum:

298 1299 373 1377 Fac,
390 1300 454 1384 pie,
471 1297 532 1376 fac,
548 1298 691 1384 inquam,
709 1311 765 1362 tua
778 1319 847 1360 non
862 1308 899 1360 ut
913 1297 1001 1362 dicta
1015 1296 1206 1384 relinquam,

301 1385 351 1451 Ut
361 1388 430 1473 jam
445 1398 520 1471 post
534 1384 634 1451 letum
647 1406 782 1450 moerear
796 1396 852 1449 tua
866 1383 987 1471 gaudia
1001 1397 1121 1450 tecum.

259 1704 1229 1801 [CAP.XXXIX.]-andcorpnsapsimadLindiafhmen-

386 1818 449 1862 sem
471 1798 627 1862 ecclesium
649 1797 782 1861 delatum
798 1799 832 1859 in
845 1817 884 1860 ea
897 1799 1045 1878 repreltm
1059 1801 1111 1861 sit.

303 2021 390 2086 Tum
405 2042 533 2084 sacrum
547 2018 655 2098 funus,
671 2020 796 2083 mundo
812 2020 996 2084 venerabile
1011 2042 1136 2102 munus,

303 2109 495 2193 Impositum
511 2106 584 2171 navi
599 2106 770 2171 deducitur
785 2130 916 2194 aequore
931 2110 1031 2176 suavi.

305 2194 585 2259 Lindisfarnenses
601 2206 777 2258 occurrunt
791 2195 897 2274 litore,
913 2195 1039 2275 flentes,

304 2282 547 2368 Excipiuntque
562 2281 666 2346 choris
682 2281 764 2347 illud
778 2281 975 2347 celebrando
989 2286 1131 2349 sonoris:

307 2370 409 2455 Inque
424 2368 503 2433 locis
519 2368 614 2432 sacris
626 2370 771 2433 condunt
785 2369 973 2433 memoralia
988 2372 1097 2455 patris.

306 2458 393 2521 Haec
407 2457 440 2518 in
456 2454 610 2531 cancello,
627 2457 753 2539 petrino
767 2455 876 2520 clausa
889 2456 1014 2533 locello,

308 2545 453 2622 Servant,
469 2542 629 2620 laetantur,
647 2542 915 2628 complectuntur,
931 2555 1146 2609 veneranturt
1247 2582 1250 2586 ›

304 2632 441 2697 Servant
457 2629 653 2708 thesaurum,
670 2653 735 2717 quo
751 2628 844 2694 vilius
856 2641 946 2695 extat
961 2641 995 2694 et
1009 2653 1131 2695 aurum.

309 2718 489 2803 Splendeus
504 2738 632 2868 qjemma
646 2718 724 2803 poli,
740 2740 821 2802 rogo
837 2734 869 2783 te
884 2739 937 2781 me
952 2740 1101 2804 spernere
1117 2719 1203 2793 noli3

311 2807 342 2869 A
358 2806 462 2870 carnis
478 2816 513 2869 ta
536 2828 557 2869 ο
570 2826 632 2883 me,
648 2817 681 2869 te
697 2804 846 2884 faciente,
859 2805 994 2882 lavab03

308 2892 458 2957 Moribus
474 2903 511 2957 ut
525 2893 620 2957 castis
635 2914 697 2977 ego
711 2892 817 2958 vivam
835 2892 963 2957 deditus
977 2892 1081 2959 astris.

263 3208 380 3294 [CAP.
393 3206 487 3289 XL.]
501 3210 657 3288 Quomodo
663 3210 1236 3291 prurdoemoniacuaittuwuila-

264 3316 391 3361 vacrum
404 3301 544 3379 emporis
558 3299 624 3379 ejas
638 3298 839 3448 Wmt'zgm'
849 3301 884 3363 ia
898 3319 1012 3384 aquam
1021 3303 1128 3379 missa,
1143 3322 1237 3367 amsa-

312 3603 473 3671 Daemone
489 3616 623 3669 vexatus
639 3626 721 3693 puer
736 3605 906 3691 experiens
921 3606 1089 3685 cruciatus,

313 3690 430 3756 Emisit
444 3713 551 3770 voces,
568 3703 705 3777 cogente
719 3691 839 3771 furore,
856 3692 1000 3757 feroces:

314 3779 473 3844 Funditus
489 3780 558 3864 ipse
572 3780 665 3845 bonis
681 3781 824 3866 privatus
839 3792 911 3845 erat
924 3781 1076 3857 rationis3

317 3866 483 3968 Quicquid
499 3870 655 3957 tangebat
670 3890 776 3933 morsu
794 3869 937 3933 lacerans
952 3869 1131 3935 minuebat.

315 3954 478 4021 Presblter
493 3958 628 4035 astabat,
646 3957 703 4021 sed
718 3956 764 4020 nil
779 3956 902 4021 orando
917 3955 1062 4040 juvabat.

314 4043 370 4106 Ad
384 4042 456 4107 loca
471 4055 652 4108 sanctarum
663 4045 838 4129 perductus
853 4043 1073 4129 relliquiarum

316 4126 389 4193 Nec
405 4131 450 4194 sic
466 4143 608 4207 sanatur,
625 4131 683 4195 sed
698 4131 804 4193 honor
819 4142 893 4195 tuus
905 4128 980 4193 hinc
995 4128 1184 4207 cumulatur,

319 4214 411 4280 Dum
426 4237 483 4300 per
499 4233 530 4282 te
546 4217 699 4282 reducem
713 4216 836 4301 recipit,
856 4216 1048 4295 Cuthberte‚
1064 4216 1208 4282 salutem.

318 4301 462 4379 Quidam
476 4303 600 4392 limpha
614 4302 695 4371 sacri
710 4304 817 4370 fuerat
831 4324 905 4392 quse
919 4304 991 4369 fusa
1003 4302 1132 4382 lavacri,

323 4387 408 4467 Qua
423 4410 542 4481 corpus
557 4404 703 4463 sanctum
719 4391 884 4484 quondam
898 4389 978 4463 lavit
992 4386 1232 4461 sumundum:
