3142 5159
269 433 293 507 6
715 456 807 507 vrrs
835 456 975 507 oswnu

151 614 156 626 '
268 618 451 706 postulante
467 618 618 703 episcopo
630 617 774 683 laetitiam
791 619 974 705 recepisset,
992 618 1090 705 coepit
1102 616 1118 682 ὲ
1129 620 1422 707 coutraepiseopus

269 706 367 771 tristis
392 729 493 792 usqne
520 703 562 769 ad
588 704 791 770 lacrimarum
814 706 1033 791 profusionem
1060 706 1154 771 effici.
1214 708 1320 782 Quem
1344 732 1421 773 cum

268 793 427 879 presbiter
442 816 516 857 suus
531 791 639 877 lingua
654 793 767 877 patrib,
784 816 881 881 quarn
896 816 955 858 rex
965 808 999 858 et
1014 793 1182 859 domestici
1198 796 1266 880 ejus
1281 818 1347 861 non
1363 819 1423 861 no·

269 894 394 958 verant,
412 903 511 967 quare
529 879 748 945 lacrimaretur
767 880 1008 966 interrogasset,
1028 879 1160 959 “scio,’'
1175 882 1290 969 inquit,
1310 894 1332 925 ‘⁶
1344 883 1423 971 quia

268 990 334 1031 non
351 967 454 1032 multo
471 980 616 1053 tempore
627 967 769 1031 victurus
782 981 832 1032 est
847 990 917 1032 rex.
965 967 1138 1055 Nunquam
1151 969 1237 1033 enim
1251 971 1419 1047 antehac,

269 1054 335 1118 vidi
351 1054 504 1119 humilem
519 1076 640 1139 regem,
658 1054 742 1119 unde
758 1055 991 1133 animadverto,
1009 1054 1097 1120 illum
1113 1056 1207 1120 citius
1223 1079 1265 1121 ex
1279 1057 1340 1123 hac
1356 1054 1422 1121 vitis

267 1141 468 1227 rapiendum.
517 1140 593 1205 Non
614 1140 701 1205 enirn
721 1141 819 1227 digna
837 1154 886 1206 est
906 1141 976 1207 hoec
995 1164 1085 1243 gens,
1103 1143 1199 1208 talem
1216 1143 1336 1211 babere
1350 1167 1423 1210 rec-

236 1244 239 1251 ’
268 1231 402 1293 torem.”
450 1229 522 1293 Nec
546 1227 649 1291 multo
672 1244 756 1313 post,
781 1228 851 1293 dira
873 1229 1024 1293 antistitis
1046 1230 1205 1320 praesagia
1227 1230 1310 1296 tristi
1335 1232 1421 1317 regis

268 1316 382 1380 funere
398 1316 559 1400 completa
573 1331 659 1379 sunt.
708 1315 751 1379 Et
766 1314 853 1380 certe
873 1316 1046 1401 superioris
1064 1318 1219 1401 potestati
1237 1317 1423 1384 interiorem

268 1400 445 1466 voluntarie
466 1400 571 1479 subdi,
596 1400 755 1489 requitatis
779 1401 882 1488 exigit
904 1404 1016 1468 stricta
1036 1404 1130 1468 ratio.
1177 1404 1351 1492 AEqualem
1373 1407 1423 1469 ni-

267 1488 458 1554 chilominus
474 1488 589 1575 aequali
605 1510 669 1551 non
684 1511 847 1577 nunquam
863 1491 1010 1577 supponi,
1022 1490 1183 1556 ulterioris
1193 1492 1334 1576 justicioe
1345 1492 1423 1557 sacit

267 1576 436 1663 profectio.
486 1576 551 1641 Sed
567 1574 765 1662 superiorem
781 1575 925 1642 inclinari
941 1577 1094 1656 inferiori,
1113 1600 1175 1642 non
1191 1578 1269 1643 facit
1284 1580 1344 1643 nisi
1354 1583 1423 1667 jus-

268 1662 353 1728 ticiae
369 1676 599 1728 consummatas
614 1662 783 1748 profectio.
834 1664 933 1730 Unde
948 1679 1076 1730 creator
1097 1668 1243 1751 superior
1265 1667 1422 1731 inclinans

267 1774 302 1815 se
318 1750 359 1816 ad
382 1751 575 1837 baptismum
591 1764 746 1815 creaturae
766 1751 936 1829 inferioris,
954 1752 987 1818 id
1007 1752 1110 1836 ipsum
1129 1774 1344 1840 expavescens
1363 1755 1420 1831 ait,

270 1850 292 1879 “
310 1838 385 1903 Sine
401 1839 509 1917 modo,
527 1838 571 1903 sic
592 1838 678 1902 enim
693 1838 787 1904 decet
802 1862 860 1902 nos
877 1837 1010 1924 implere
1026 1862 1155 1904 ornnem
1167 1840 1361 1927 justiciam,''
1376 1842 1422 1904 sic

267 1924 419 1991 videlicet
435 1925 632 1990 humiliando
648 1948 682 1989 se
698 1947 805 1990 coram
822 1925 976 1990 inferiori.
1024 1926 1131 2012 Hujus
1142 1928 1282 2013 justiciae
1297 1928 1422 2013 perfec-

267 2013 390 2077 tionem
423 2012 543 2077 Beatus
569 2012 643 2077 Rex
671 2011 818 2077 Oswinus
842 2012 975 2077 edoctus
997 2036 1063 2077 non
1087 2014 1278 2078 litteratoria
1300 2015 1422 2100 profes-

268 2100 356 2163 sione
380 2099 437 2163 sed
465 2098 601 2183 Spiritirs
625 2098 771 2184 paracliti
794 2099 958 2179 unctione,
975 2100 1073 2186 regiae
1095 2102 1272 2187 majestatis
1288 2102 1419 2180 oblitus,

267 2186 467 2272 pedibusque
491 2185 650 2269 pontificis
674 2186 854 2264 advolutus,
878 2209 943 2251 non
967 2189 1069 2252 solum
1094 2188 1221 2253 effrenis
1242 2192 1347 2274 gentis
1369 2192 1423 2253 cui

267 2286 406 2357 praeerat
428 2271 590 2337 feritatem
606 2272 771 2357 suspendit
795 2274 827 2337 in
849 2274 1073 2352 admiratione,
1102 2276 1160 2339 sed
1182 2276 1279 2341 etiam
1301 2276 1422 2341 adultae

267 2359 431 2445 religionis
445 2372 565 2444 patres,
583 2359 631 2423 sui
647 2361 799 2444 exemplo
814 2361 962 2425 accendit
977 2362 1019 2426 ad
1035 2362 1302 2428 humiliationem.
1350 2362 1422 2428 Nec

267 2462 360 2512 erant
376 2460 451 2511 tunc
468 2446 619 2533 temporis
633 2447 802 2533 pontifices
819 2461 855 2513 ut
870 2472 966 2527 nunc,
983 2449 1034 2514 vel
1054 2448 1239 2515 divitiarum
1257 2450 1422 2515 affluentia

267 2534 427 2613 insolenti,
445 2534 497 2599 vel
519 2535 656 2599 vestium
679 2533 896 2620 preciosarum
916 2558 1074 2622 pomposo
1089 2537 1184 2615 fastu,
1202 2537 1300 2602 etiam
1315 2536 1422 2603 diviti·

266 2623 326 2687 bus
349 2622 542 2687 secularibus
565 2622 821 2708 praeeminentes,
853 2624 910 2688 sed
933 2646 1091 2709 pauperes
1114 2624 1238 2708 spiritu,
1262 2646 1424 2709 pauperes

267 2710 365 2773 etiam
395 2708 601 2773 facultatibus
631 2722 791 2784 erentes
820 2710 895 2774 ideo
925 2710 1104 2774 contemtui
1133 2711 1227 2777 facile
1253 2713 1420 2797 patebant.

271 2796 413 2883 Eratque
429 2819 469 2860 eo
486 2795 667 2874 virtuosius,
685 2796 729 2859 eis
746 2796 959 2861 reverentiam
974 2797 1173 2881 impendere.

269 3060 367 3125 cAP.
391 3058 663 3137 lle-Quomodo
676 3067 749 3141 post
767 3061 879 3123 multas
888 3063 1122 3141 persecutiones,
1139 3082 1207 3125 cum
1220 3063 1266 3124 ud
1282 3063 1422 3124 atumem

354 3151 388 3209 in
402 3149 485 3222 bello,
501 3148 549 3209 oet
561 3148 698 3230 adverse
715 3151 821 3226 partis
835 3151 998 3228 sanguinis
1011 3148 1168 3229 ffuimre,
1183 3150 1233 3211 vel
1244 3152 1424 3229 rumpentis

354 3236 574 3307 detrimentum,
592 3252 654 3312 pro
683 3253 776 3313 regno
798 3243 916 3295 terreno
937 3254 1060 3297 cernere
1081 3236 1226 3310 horreret,
1254 3244 1290 3298 ut
1308 3237 1424 3298 caeleste

354 3339 482 3401 regnum
499 3321 684 3392 lucraretur,
706 3322 820 3382 intuitu
834 3323 928 3400 pacis
943 3323 976 3381 in
990 3324 1112 3384 domum
1127 3322 1307 3385 Hunwalds'
1320 3321 1423 3401 crpus·

354 3410 428 3471 dam
439 3406 620 3487 familiaris
645 3407 772 3470 Comitis
793 3410 845 3468 sui
866 3415 1011 3487 receptus,
1028 3410 1069 3471 ab
1090 3411 1192 3472 eodem
1216 3410 1333 3471 Gemite
1354 3411 1423 3489 regi

357 3495 446 3559 Oswc'
454 3495 609 3575 proditus,
627 3496 769 3556 manaem
784 3494 958 3575 interfectus
972 3502 1025 3557 est.

314 3668 423 3733 Multa
436 3679 511 3730 sunt
526 3678 560 3729 et
575 3664 637 3730 alia
651 3664 839 3730 humilitatis
852 3666 1011 3751 exempla,
1025 3667 1089 3753 qud
1103 3666 1257 3731 decenter
1270 3678 1305 3731 et
1320 3667 1421 3731 abuu-

267 3757 383 3819 danter
398 3755 454 3819 illa
469 3753 543 3817 Deo
558 3753 677 3816 devota
691 3752 797 3815 anima
812 3753 977 3829 vernabat,
991 3754 1048 3817 sed
1063 3775 1272 3817 annumerare
1288 3754 1420 3838 longum

268 3856 329 3920 est,
346 3842 568 3927 videbiturque
582 3838 775 3923 protractior
784 3838 817 3902 in
830 3840 898 3924 ejus
913 3839 1191 3904 commendatione
1204 3862 1294 3904 mora
1305 3839 1421 3904 ceteris

267 3930 437 3994 virtutibus
462 3927 530 4011 ejus
555 3927 672 3990 damna
693 3925 797 3990 laudis
819 3926 949 3991 inferre.
997 3927 1205 3992 Praeeminuit
1226 3950 1363 4013 namque
1387 3926 1421 3990 in

269 4040 311 4082 eo
331 4016 425 4103 aequb
443 4013 662 4099 proportione,
680 4013 731 4077 vel
751 4014 995 4079 elemosinarum
1015 4013 1154 4103 largitio,
1170 4013 1421 4079 misericordiam

269 4104 329 4168 viri
351 4124 528 4177 exercens,
552 4100 603 4166 vel
626 4100 784 4186 oppressis
807 4100 1017 4165 subveniendi
1040 4101 1228 4185 compassio,
1254 4101 1422 4166 caritatem

267 4190 473 4277 exprimens3
497 4188 548 4253 vel
570 4187 721 4273 subjectis
744 4188 897 4273 parcendi
911 4188 1061 4266 dulcedo,
1078 4187 1233 4273 pietatem
1248 4210 1421 4273 promens3

270 4278 322 4345 vel
344 4276 516 4343 rebellibus
538 4274 709 4340 resistendi
732 4275 861 4353 acreda,
885 4274 1068 4340 libertatem
1098 4297 1265 4340 exercens.
1316 4273 1422 4360 igitur

270 4364 396 4451 vigiliis,
412 4364 555 4449 jejuniis,
572 4362 781 4439 orationibus,
799 4362 957 4439 insistens,
976 4376 1008 4425 et
1030 4374 1080 4425 tot
1099 4373 1132 4426 et
1154 4362 1250 4427 tantis
1267 4364 1422 4427 virtutum

269 4451 490 4539 praerogativis
514 4449 679 4534 insignitus
702 4448 852 4536 egregius
880 4448 949 4511 Rex
978 4449 1137 4527 Oswinus,
1165 4449 1195 4513 ei
1222 4449 1421 4514 adversarius
