3142 5159
539 500 649 551 aucus
677 502 894 553 sarnanum.
1241 490 1291 565 39

147 751 250 815 CAP.
268 750 371 815 XXV
369 752 566 829 .-—Quoliter
578 755 794 816 miraculorum
815 756 882 835 ejus
895 757 1038 819 recitator
1052 762 1081 818 ct
1097 756 1285 837 compositor,

233 842 390 919 omentint
413 840 592 919 itfirmttoto
611 861 785 919 percussus,
810 849 881 905 onte
901 842 966 925 ejus
994 842 1183 923 sepulchrum
1212 847 1285 907 ditm

236 936 340 990 oraret
349 929 480 989 donnico
494 930 591 1005 capit,
605 930 657 990 sed
668 931 819 1009 evigilans
828 949 890 993 sese
902 934 1152 1011 soumnrcccpit5
1167 934 1288 995 stulius

236 1018 281 1077 od
292 1016 347 1078 boc
360 1034 420 1094 per
434 1035 499 1077 cum
513 1016 695 1091 odnmuitus,
711 1020 781 1079 item
797 1015 940 1083 itidemst
955 1020 1016 1101 qud
1030 1020 1183 1082 cudatur
1198 1020 1287 1102 optr-

236 1106 339 1165 mitote
352 1102 495 1165 liberatus
505 1110 557 1165 cst.

197 1273 437 1361 ingratitudinis
452 1274 543 1359 argui
559 1274 600 1338 de
617 1274 691 1359 jure
707 1286 832 1360 potero,
849 1275 874 1338 si
890 1276 922 1340 in
937 1276 1004 1343 aliis
1020 1276 1181 1343 celebrata
1196 1276 1286 1363 signa

146 1364 303 1427 virtutum
320 1363 468 1441 scribens,
486 1362 603 1426 silentii
625 1363 735 1427 nubilo
757 1364 946 1429 obumbrem
968 1388 1041 1453 quae
1056 1386 1114 1451 per
1132 1364 1286 1431 Sanctum

149 1452 277 1536 Regem
304 1464 336 1515 et
362 1449 539 1537 Martyrem
567 1450 729 1515 Oswinum
755 1451 787 1513 in
810 1472 862 1515 me
885 1452 1029 1517 exercuit
1044 1450 1146 1519 virtus
1167 1452 1286 1517 divina.

148 1538 211 1603 Fui
227 1538 399 1626 aliquando
414 1560 470 1623 per
485 1560 602 1601 annum
617 1538 778 1623 integrum
793 1551 827 1603 et
842 1563 883 1605 co
897 1540 1031 1625 amplius
1046 1542 1079 1603 in
1094 1538 1231 1605 claustri
1245 1540 1287 1605 de

150 1626 381 1715 Tynemudthb
396 1648 453 1711 pro
468 1625 570 1689 libero
585 1626 756 1691 voluntatis
779 1650 860 1691 meae
876 1627 1020 1707 arbitrio,
1036 1628 1131 1693 utibi
1146 1640 1287 1695 semotus

149 1714 170 1777 a
191 1712 328 1798 negotiis
350 1713 579 1790 ecclesiasticis,
603 1714 717 1801 quibus
736 1715 822 1799 apud
841 1716 993 1780 Sanctum
1010 1717 1169 1781 Albanum
1185 1714 1290 1803 impli-

150 1803 258 1879 cabar,
276 1812 309 1865 et
324 1800 452 1865 liberius
463 1801 630 1867 commissa
640 1802 803 1880 deflerem,
817 1815 850 1866 et
865 1803 1035 1869 scriberem
1045 1805 1086 1869 de
1098 1801 1155 1869 otii
1170 1801 1288 1867 indulti

150 1888 309 1955 beneficio
332 1888 514 1973 diligentius
537 1910 609 1989 guae
632 1890 737 1953 animo
752 1911 971 1976 conceperam.
1018 1890 1163 1977 Contigit
1178 1904 1289 1957 autem

151 1977 185 2039 in
200 1976 392 2041 solennitate
409 1974 563 2054 Paschalr,
580 1977 703 2055 morbo,
720 1998 817 2063 quern
834 1977 1007 2064 vulgariter
1019 1992 1145 2065 guttam
1159 1992 1287 2057 vocant,

150 2086 203 2129 mc
219 2054 347 2149 gravari
360 2064 534 2141 molestius,
551 2064 583 2127 in
598 2065 635 2128 eb
657 2078 748 2149 parte
763 2066 906 2151 corporis
920 2066 983 2154 qua
998 2065 1088 2152 spina
1102 2064 1189 2131 dorsi
1204 2066 1290 2131 reni·

149 2154 210 2217 bus
225 2152 439 2237 conjungitur.
487 2152 730 2240 Ingravescente
743 2176 820 2217 vero
835 2154 957 2232 dolore,
971 2156 1085 2242 quarta
1094 2152 1290 2223 solennitatis

151 2253 247 2305 nocte
271 2240 354 2304 adeo
377 2240 521 2318 invaluit,
540 2255 574 2305 ut
598 2241 617 2303 b
639 2238 795 2305 nocturni
809 2242 911 2306 sinaxi
933 2242 965 2305 in
988 2264 1156 2307 commune
1170 2238 1290 2329 persol-

153 2328 258 2393 venda
271 2350 322 2393 me
338 2340 604 2415 sequestrarerem
620 2329 720 2416 (sic).
768 2330 944 2417 Completis
959 2354 1034 2396 vero
1050 2344 1143 2395 extra
1157 2330 1290 2394 chorum

152 2429 188 2480 ut
214 2416 306 2500 potui
332 2414 445 2501 vigiliis
474 2417 580 2495 sacris,
604 2415 855 2481 intolerabilibus
877 2420 1045 2503 pungebar
1068 2418 1288 2503 stigmatibus3

156 2504 384 2591 impatiensque
407 2504 535 2582 doloris,
564 2504 720 2588 reptando
742 2504 848 2590 potius
874 2527 970 2591 quam
991 2505 1195 2583 ambuland0,
1219 2526 1292 2591 per·

156 2591 228 2656 veni
244 2592 286 2655 ad
301 2592 444 2656 tumbam
463 2592 571 2655 Sancti
588 2591 750 2677 Martyris.
784 2592 828 2655 Et
843 2592 917 2679 quia
931 2615 990 2658 nec
1005 2606 1088 2658 stare
1103 2615 1163 2657 nec
1178 2593 1291 2657 sedere

155 2702 213 2743 nec
224 2679 332 2765 jacere
347 2701 414 2763 prae
429 2680 575 2761 angustiis
594 2678 719 2763 spiritfis
738 2677 839 2764 potui,
857 2681 1032 2747 volutando
1052 2680 1098 2746 ibi
1117 2679 1289 2747 matutinos

157 2766 305 2852 gloriosae
323 2766 461 2855 Virginis
479 2766 593 2830 Mariae
607 2766 719 2830 anxius
735 2767 854 2832 exolvi.
902 2768 1004 2833 Porro
1022 2770 1141 2835 Sancto
1153 2768 1291 2856 Martyri

156 2878 199 2918 ex
214 2854 330 2919 affectu
346 2853 449 2918 cordis
472 2855 647 2919 confitebar
661 2854 748 2941 quod
763 2854 863 2940 culpis
878 2855 956 2921 meis
972 2856 1175 2947 exigentibus
1190 2856 1292 2943 patie-

155 2945 223 3021 bar,
248 2957 281 3007 et
306 2956 412 3007 tamen
436 2941 536 3026 magis
562 2942 776 3028 supplicabam
802 2964 861 3028 pro
886 2944 1026 3031 corporis
1052 2966 1148 3032 quarn
1177 2944 1291 3009 anbnae

156 3031 300 3095 sanitate.
350 3030 437 3105 Quid
452 3031 578 3095 multa?
625 3030 757 3095 Cibatus
769 3053 852 3115 pane
863 3032 1073 3111 lacrimarum,
1091 3045 1124 3097 et
1140 3031 1291 3097 orationis

157 3132 284 3204 potatus
300 3118 457 3196 instantiis,
475 3118 516 3182 ad
531 3118 649 3183 lectum
671 3117 763 3197 redii,
781 3142 846 3182 uon
861 3122 973 3185 crebro
989 3121 1046 3185 sed
1063 3120 1175 3189 dolore
1190 3119 1292 3191 couti-

157 3226 219 3271 nuo
232 3221 307 3269 tunc
320 3219 433 3283 tortus,
440 3219 474 3271 et
483 3204 580 3269 taedio
592 3207 744 3291 passionis
755 3207 868 3286 fessus,
875 3209 1005 3273 tandem
1020 3207 1199 3274 obdormui.
1224 3208 1300 3278 Sed.

158 3295 188 3358 in
203 3294 292 3359 brevi
305 3294 469 3382 evigilans,
479 3293 574 3360 nichil
589 3295 745 3359 molestiae
761 3296 855 3360 sensi.
903 3298 954 3361 Ita
962 3296 1055 3362 simul
1071 3310 1104 3361 et
1119 3309 1189 3361 tota
1203 3294 1293 3361 dissi·

158 3396 233 3467 pata
254 3397 303 3445 est
329 3394 432 3465 gutta,
449 3396 486 3445 ut
509 3404 568 3446 nec
588 3382 652 3445 ulla
674 3384 741 3467 ejus
764 3383 899 3469 vestigia
914 3383 963 3449 vel
986 3386 1019 3448 in
1041 3386 1169 3449 rembus
1186 3384 1237 3449 vel
1259 3382 1292 3449 in
1388 3420 1392 3427 ·

158 3469 244 3554 spinb
258 3468 344 3533 dorsi
359 3470 420 3534 mei
436 3469 653 3533 remanserint.
702 3472 842 3555 Surgens
856 3472 940 3550 ssico,
957 3470 1011 3559 qui
1026 3471 1128 3557 pridie
1143 3472 1291 3538 incurvus

160 3578 255 3634 eram,
272 3569 377 3621 rectus
400 3570 434 3621 et
457 3557 561 3620 alacer
582 3556 788 3634 incedebam3
811 3571 844 3622 et
863 3560 905 3623 ad
923 3560 1115 3625 celebranda
1132 3558 1249 3637 divina,
1273 3560 1293 3625 ὲ
1388 3562 1392 3568 ’

160 3646 272 3733 quibus
286 3667 344 3730 per
359 3644 499 3709 triduum
509 3666 676 3731 suspensus
690 3645 825 3723 fueram,
842 3647 972 3725 accessi,
986 3647 1172 3713 mirantibus
1186 3646 1293 3710 fratri-

160 3736 217 3799 bus
233 3746 266 3798 ct
281 3731 398 3817 gratias
418 3733 537 3796 Sancto
553 3732 690 3819 Martyri
705 3732 885 3819 agentibus,
903 3735 957 3823 qui
973 3735 1061 3800 velut
1080 3734 1111 3798 in
1127 3734 1192 3804 ictu
1209 3733 1292 3799 oculi

160 3822 198 3886 de
214 3822 292 3886 durb
308 3835 373 3886 tarn
389 3820 530 3899 detent0,
548 3833 613 3885 tarn
629 3837 811 3907 promptum
833 3821 875 3888 ad
897 3824 1004 3889 omnia
1018 3823 1208 3910 exequenda
1222 3820 1296 3887 red-

161 3910 250 3974 didit.
287 3909 365 3974 Post
381 3910 490 3995 elapso
504 3932 568 3973 non
583 3908 709 3973 modico
722 3924 877 3998 ternpore,
893 3913 1071 3997 aegrotabat
1086 3908 1240 4011 quispiam
1253 3910 1295 3974 de

162 3997 338 4061 domesticis
355 3998 468 4062 nostris
484 4020 584 4084 usque
599 3998 640 4061 ad
655 4012 814 4076 mortem;
837 4011 871 4064 et
886 4001 1041 4085 desperan
1045 4046 1125 4065 ......
1128 3997 1202 4077 mei,
1218 3998 1294 4085 quia

160 4085 268 4149 mortis
295 4085 384 4169 signa
409 4085 441 4148 in
465 4096 642 4169 aegrotante
666 4108 818 4152 concurre
821 4135 988 4154 ............
991 4101 1099 4152 autem
1129 4084 1171 4153 ad
1199 4086 1295 4151 solita

163 4170 344 4257 confugiens
359 4172 516 4259 praesidia,
538 4174 689 4237 Sanctum
708 4174 830 4260 Regem
834 4223 1001 4242 ............
1004 4175 1195 4261 deprecatus
1210 4196 1292 4252 sum,

163 4282 232 4325 cum
253 4260 453 4325 lacrimarum
475 4261 564 4325 uberi
584 4260 686 4345 gratia
700 4277 841 4327 remotus
857 4264 897 4329 ab
913 4286 931 4328 e
935 4312 1058 4329 .........
1061 4263 1110 4327 rio
1126 4285 1183 4347 per
1195 4260 1294 4347 pluri-

163 4370 284 4413 morum
300 4348 401 4433 spatia
416 4348 630 4425 miliariorum,
644 4361 676 4413 et
691 4351 851 4416 convaluit
867 4374 953 4437 aeger
968 4352 1020 4417 die
1034 4349 1223 4439 qu...funeri
1238 4372 1295 4413 ne·

163 4437 293 4503 cessaria
307 4435 445 4502 officiose
459 4437 728 4521 praeparabantur.
