3142 5159
560 500 698 553 sancrr
726 500 965 576 curensem.
1281 484 1332 565 73

178 661 334 726 Tedanus
360 662 554 749 Episcopus,
578 687 696 729 novem
719 676 920 730 mortuorum
936 662 1104 729 suscitator
1124 663 1325 749 magnificus,

176 750 398 835 requiescit,et
413 764 558 837 patrator
569 752 744 817 multorum
758 753 996 830 miraculorum,
1008 752 1171 837 quondam
1185 752 1218 816 in
1234 753 1327 816 terris

92 918 95 923 Ι
178 838 289 901 vivens
319 839 452 907 effulsit.
500 839 610 916 Quam
644 841 756 925 patriae
784 840 979 924 provinciam
1004 838 1187 923 regionibus
1204 839 1327 904 caeteris

178 924 355 1009 Hyberniae
383 927 621 1010 praeclariorem
649 941 683 993 et
710 928 973 1013 praestanciorem
996 928 1209 1015 omnibusque
1231 926 1327 990 rebus

175 1010 366 1078 fertiliorem
382 1014 529 1081 asseruit.

621 1323 738 1403 [CAP.
755 1322 876 1405 ΧΙΙΙ.]

218 1545 292 1624 Sed,
321 1548 397 1634 quia
420 1568 533 1633 parum
562 1549 602 1613 ab
628 1546 756 1633 incepto
779 1570 878 1633 opere
895 1548 1028 1636 digressi
1043 1570 1161 1629 sumus,
1179 1572 1264 1616 nunc
1279 1553 1322 1616 ad

171 1656 221 1711 ea,
247 1656 320 1721 quae
341 1635 573 1720 inceperamus,
598 1635 778 1700 redeamus.
824 1633 901 1700 Non
925 1636 1027 1700 multo
1049 1650 1122 1720 post
1137 1639 1273 1727 contigit
1287 1652 1321 1705 ut

174 1719 363 1807 Episcopus,
394 1724 453 1787 sub
484 1724 572 1808 cujus
599 1723 745 1805 custodia
774 1746 857 1807 puer
883 1724 987 1787 fuerat
1016 1724 1193 1808 delegatus,
1225 1728 1320 1792 rebus

170 1807 320 1874 humanis
344 1833 386 1875 ex
413 1810 575 1894 insperato
590 1811 781 1887 discederet,
799 1825 830 1875 et
845 1810 978 1895 praemia
992 1810 1139 1875 laborum
1151 1836 1283 1878 suorum
1299 1838 1319 1879 a

169 1897 225 1980 pio
250 1898 361 1983 judice
391 1899 656 1965 remunerationis
680 1898 851 1981 acciperet.
907 1899 1011 1985 Igitur
1035 1900 1199 1981 puerulus,
1225 1913 1318 1965 tanto

169 1996 262 2068 patre
292 1987 433 2064 orbatus
467 1987 554 2051 omni
583 2010 668 2072 pene
699 1986 818 2049 solacio
848 1999 896 2050 est
926 1984 1109 2055 destitutus.
1166 1987 1319 2054 Materna

169 2072 279 2159 itaque
290 2076 412 2159 pietate
424 2074 465 2139 de
478 2075 535 2139 filii
546 2074 595 2139 sui
606 2074 819 2139 destitucione
830 2072 979 2161 genetrix
990 2074 1027 2137 fit
1039 2074 1145 2152 anxia,
1156 2088 1189 2139 et
1201 2099 1318 2163 queru-

168 2158 207 2222 lis
222 2183 317 2247 quam
331 2166 447 2247 saepius
462 2164 635 2247 gemitibus
651 2174 685 2227 et
701 2161 831 2226 vocibus
846 2161 1029 2237 lacrimosa3
1045 2162 1184 2227 advertit
1200 2163 1317 2250 quippe

167 2269 305 2331 puerum
332 2250 432 2314 solitis
457 2273 566 2315 carere
593 2250 724 2328 solatiis,
750 2273 782 2315 se
806 2273 884 2314 vero
907 2250 966 2313 sub
990 2250 1117 2335 trepido
1132 2263 1221 2316 metu
1237 2252 1317 2316 coti-

168 2334 267 2400 diano
288 2337 443 2426 languore
469 2338 620 2417 deficere,
648 2353 681 2404 et
704 2338 745 2401 de
766 2338 851 2421 regis
866 2336 962 2402 animi
978 2336 1190 2403 incontinenti
1205 2339 1317 2404 incon·

165 2426 286 2489 stantia
315 2425 433 2510 pavido
463 2449 572 2491 secum
602 2429 699 2492 corde
729 2426 898 2489 ruminare.
953 2425 1138 2490 Verebatur
1166 2426 1317 2491 nimirum

167 2510 354 2595 plurimum,
381 2536 421 2577 ne
445 2536 505 2578 rex
519 2514 650 2592 ferinus,
675 2514 763 2577 illam
785 2513 901 2577 iterata
915 2512 1043 2577 feritate
1058 2512 1266 2597 opprimeret,
1282 2527 1315 2578 et

167 2600 300 2664 secundi
327 2601 443 2665 erroris
468 2602 629 2665 infamiam
656 2600 755 2688 priori
779 2600 925 2687 nequicia
947 2600 1132 2664 macularet.
1179 2600 1314 2665 Talibus

166 2687 412 2753 meditationum
435 2688 570 2754 stimulis
593 2690 700 2754 matris
723 2689 960 2774 inquietabatur
982 2686 1116 2765 animus,
1134 2699 1166 2751 et
1180 2687 1314 2753 diversis

167 2773 277 2861 fugam
300 2775 429 2840 ineundi
453 2777 656 2842 excitabatur
678 2776 853 2841 affectibus.
901 2775 987 2839 Haec
1010 2774 1096 2839 enim
1121 2775 1149 2839 ei
1166 2798 1229 2841 una
1243 2799 1314 2861 spes

166 2862 311 2945 fugiendi
327 2864 493 2949 superfuit,
511 2888 568 2931 nec
585 2865 628 2929 illi
646 2864 776 2929 ulterius
792 2864 824 2927 in
842 2865 912 2948 ipsa
926 2877 1012 2927 terra
1026 2885 1194 2928 remanere
1209 2878 1313 2930 tutum

165 2949 236 3014 fuit.
284 2951 395 3017 Ascito
418 2951 558 3042 denique
581 2976 695 3038 puer0,
720 2952 825 3017 cordis
848 2951 897 3014 sui
919 2963 1043 3015 secreta
1064 2950 1109 3013 illi
1130 2950 1263 3030 detexit,
1280 2965 1314 3015 et

166 3037 309 3102 causales
321 3040 470 3104 materias
483 3063 549 3105 suae
565 3041 721 3129 angustiae
736 3054 769 3104 et
784 3039 879 3104 sortis
889 3038 1014 3102 miserae
1024 3036 1163 3102 seriatim
1175 3039 1311 3124 aperuit.
1411 3046 1414 3051 “

165 3125 366 3191 Adolescens
382 3127 488 3193 statim
501 3130 652 3197 maternis
664 3127 829 3216 adquievit
843 3125 993 3205 consiliis,
1004 3125 1080 3213 quia
1088 3139 1166 3216 typo
1178 3126 1311 3193 Domini

66 3284 70 3293 ¹
164 3214 330 3280 salvatoris
345 3215 408 3282 suis
423 3216 553 3283 subesse
569 3218 755 3303 parentibus
771 3238 834 3281 non
851 3212 966 3284 omisit·

616 3530 733 3610 [car.
747 3528 860 3623 rna]

210 3754 370 3821 Puerulus
392 3770 498 3822 autem
515 3769 590 3822 ante
606 3756 770 3821 Pontificis
787 3755 911 3829 obitum
926 3752 1108 3840 symbolum
1124 3762 1158 3818 et
1171 3752 1310 3835 psalmos

165 3843 332 3908 Daviticos
355 3844 451 3930 plene
465 3845 646 3910 didiscerat.
694 3842 832 3908 infinitae
848 3856 917 3907 erat
927 3840 1149 3928 pulcritudinis
1164 3854 1198 3906 et
1213 3841 1310 3906 deco-

163 3930 206 3993 ris
221 3944 254 3995 et
270 3946 413 3997 venustae
430 3932 545 4017 speciei
561 3932 736 3998 dulcedinis
752 3945 787 3997 et
800 3931 911 4016 gratiae
928 3930 1104 3994 admodum
1119 3928 1311 3995 dilectionis.

165 4017 266 4082 Fama
288 4019 386 4103 igitur
408 4020 492 4105 pede
509 4020 612 4085 veloci
627 4019 909 4105 comprovinciales
925 4040 1069 4105 quosque
1084 4019 1312 4103 praeveniendo

162 4107 382 4186 succenderat,
407 4122 439 4173 et
462 4108 503 4172 de
525 4113 613 4197 cujus
629 4110 782 4193 progenie
797 4121 896 4172 tantae
911 4107 1023 4195 gratiae
1039 4106 1220 4188 pulcritudo
1235 4129 1310 4191 pro-

162 4194 263 4259 disset
279 4194 414 4281 quilibet
429 4198 571 4261 curiosus
588 4196 778 4283 inquirebat.
818 4196 919 4280 Cujus
934 4193 979 4258 rei
991 4192 1160 4279 inquisicio
1175 4206 1308 4257 matrem

161 4282 258 4364 ipsius
284 4305 350 4346 non
376 4283 479 4361 latuit,
507 4308 580 4370 quae
595 4288 661 4372 ejus
677 4285 818 4346 animum
833 4281 971 4368 amplius
986 4303 1028 4345 ex
1043 4282 1164 4345 timoris
1180 4280 1306 4344 dubita·

160 4369 252 4437 cioue
265 4372 415 4435 vexando
430 4371 583 4456 fatigavit.
630 4372 682 4437 Sic
698 4385 802 4435 mater
816 4370 935 4438 diutius
951 4369 1181 4453 cogitationum
1196 4366 1306 4432 stimu-

158 4457 197 4525 lis
213 4460 345 4544 agitata,
363 4458 504 4538 tandem,
522 4460 609 4549 quod
626 4461 733 4527 animo
748 4472 950 4546 conceperat,
967 4456 1116 4543 operibus
1131 4454 1307 4568 adimplen-

723 4569 735 4612 1
