3142 5159
286 512 338 593 74
661 520 851 579 tractans
877 521 929 576 us
956 521 1060 577 onru

290 690 367 755 dum
391 686 593 791 disponebat.
638 688 722 753 Nam
748 684 845 751 solius
867 686 945 775 fuga
967 685 1134 752 consilium
1158 684 1297 752 advertit
1321 685 1381 752 sibi
1405 702 1443 754 et

289 800 390 865 puero
419 777 546 841 salubre
569 777 637 841 fore
660 774 846 863 presidium.
898 776 965 839 Sub
988 791 1144 841 nocturno
1168 778 1265 861 igitur
1288 791 1440 866 tempore

288 864 385 951 coepit
407 865 516 947 fugam
533 866 683 950 arripere,
701 886 899 951 puerumque
916 885 1022 926 secum
1039 865 1130 938 tulit3
1147 862 1222 952 quia
1237 887 1297 951 pro
1313 886 1354 943 ep
1370 886 1440 930 am-

288 954 371 1037 plius
385 950 576 1020 formidavit.
630 952 739 1026 Quare
756 965 912 1015 nocturna
928 948 1044 1015 viatrix
1057 965 1168 1037 portus
1185 949 1279 1014 maris
1292 951 1439 1015 clanculo

288 1039 377 1116 adiit,
394 1040 479 1105 etad
496 1054 618 1123 portuS,
636 1063 715 1126 quos
731 1054 979 1123 praeoptaverat,
997 1060 1146 1103 unacum
1163 1060 1265 1123 puero
1280 1039 1438 1124 pervenit.

288 1127 421 1203 Verum,
445 1130 521 1214 quia
544 1127 748 1215 diligentibus
778 1126 955 1189 Dominum
985 1126 1149 1190 Christum
1175 1127 1283 1190 omnia
1302 1148 1440 1211 cooper-

289 1229 383 1278 antur
408 1213 440 1276 in
465 1214 596 1291 bonum,
622 1237 694 1277 cum
719 1214 761 1277 ad
790 1213 863 1277 litus
889 1216 983 1277 maris
1005 1213 1239 1299 contingerent,
1259 1216 1334 1279 Deo
1350 1212 1438 1276 ordi-

287 1314 396 1376 nante,
413 1301 569 1384 provenit,
587 1316 621 1365 ut
632 1326 698 1365 suae
711 1300 879 1378 intentioni
892 1315 1008 1365 cuncta
1017 1302 1227 1384 congruentia
1238 1300 1270 1364 in
1281 1314 1437 1386 promptu

287 1403 470 1475 praeparata
494 1389 681 1473 reperirent.
740 1388 839 1451 Navis
864 1388 991 1474 quidem
1021 1388 1220 1453 Britanniam
1247 1389 1374 1452 aditura
1405 1388 1438 1451 in

287 1478 434 1561 portibus
450 1475 550 1552 affuit,
567 1477 724 1561 flatusque
741 1488 910 1539 ventorum
927 1476 988 1539 illis
1004 1475 1163 1539 secundus
1174 1476 1287 1540 arrisit.
1330 1476 1437 1556 Quam

287 1581 378 1647 puer,
404 1576 504 1626 matre
528 1566 712 1640 comitante,
737 1584 809 1625 curn
834 1563 1031 1640 ascenderet,
1056 1564 1190 1651 contigit
1205 1578 1241 1641 ut
1257 1563 1437 1647 improvide

286 1650 369 1715 liber
393 1650 603 1728 Psalmorum,
626 1674 669 1714 ex
686 1650 830 1714 manibus
846 1652 915 1735 ejus
931 1651 1067 1736 elapsus,
1085 1649 1117 1713 ln
1134 1652 1269 1738 gurgitis
1284 1650 1438 1716 inferiora

289 1738 472 1814 deciderem
497 1739 582 1802 unde
605 1741 735 1823 grandis
758 1739 819 1801 fuit
835 1738 988 1802 mentium
1005 1739 1232 1816 consternatio,
1250 1748 1314 1803 tam
1332 1762 1435 1824 puero

288 1850 384 1914 quam
415 1825 580 1915 genetrici.
640 1826 850 1890 Haerentibus
877 1826 938 1890 illis
968 1826 1024 1889 din
1051 1839 1083 1890 et
1113 1827 1338 1912 stupentibus,
1359 1848 1435 1892 ecce

286 1914 406 1979 vitulus
429 1914 567 1977 marinus
583 1913 624 1977 de
639 1914 772 1978 occultis
789 1914 920 1978 marinis
937 1914 1092 1977 meatibus
1108 1914 1223 1999 erupit,
1240 1914 1434 2002 librumque,

286 2002 407 2067 cunctis
434 2001 627 2079 videntibus,
655 2022 751 2087 super
777 2004 879 2066 undas
904 2022 984 2086 vage
1006 2000 1187 2066 fluitantem
1209 2003 1311 2066 bucca
1324 2002 1436 2068 hiante

286 2090 425 2175 suscepit
451 2100 485 2153 et
509 2090 688 2153 absorbuit.
740 2089 985 2175 Confestimque
1012 2089 1126 2175 praedo
1150 2110 1287 2155 vesanus
1312 2089 1435 2175 patrias

285 2178 428 2261 relapsus
455 2176 487 2238 in
515 2178 617 2239 undas
644 2197 773 2240 omnem
795 2198 883 2263 spem
912 2175 1094 2263 requirendi
1119 2177 1233 2242 librum
1258 2175 1434 2264 praescidit.

286 2264 351 2328 Sed
369 2264 433 2327 Del
450 2263 557 2341 virtus,
576 2264 629 2351 qui
646 2264 838 2349 prophetam
855 2267 886 2328 in
903 2278 1012 2329 ventre
1027 2264 1090 2328 ceti
1106 2267 1229 2328 voracis
1241 2266 1434 2344 observavit,

285 2350 407 2414 illesum
432 2352 526 2435 pueri
550 2352 599 2413 sui
623 2351 738 2413 librum
766 2354 807 2417 ab
834 2353 922 2416 omni
949 2352 1080 2416 laesione
1103 2353 1188 2418 infra
1209 2352 1302 2439 piscis
1325 2356 1435 2418 fauces

283 2438 456 2503 custodivit
466 2438 657 2503 omnimodis
667 2438 836 2507 illibatum.
880 2438 950 2505 Nec
962 2452 1070 2504 tamen
1080 2457 1157 2504 mox
1168 2440 1285 2505 librum
1297 2441 1432 2529 recepit,

284 2526 345 2592 sed
352 2526 453 2615 magis
470 2529 549 2593 mari
563 2526 710 2607 transito,
728 2530 809 2593 sicut
825 2529 856 2592 in
872 2528 1007 2615 posteris
1023 2527 1233 2596 intimabitur.

743 2837 861 2918 [CAP.
880 2836 975 2917 XV]

329 3058 487 3143 Quaedam
516 3084 599 3128 nunc
622 3062 859 3149 interponenda
881 3077 966 3138 sunt,
989 3082 1063 3148 quae
1084 3061 1291 3127 inveniuntur
1306 3061 1340 3127 in
1354 3062 1432 3151 bys-

278 3148 362 3215 toria
386 3148 653 3234 Hybernentium,
670 3174 743 3251 quae
760 3170 824 3213 uon
840 3164 914 3214 sunt
924 3149 1121 3224 omittenda3
1144 3152 1288 3236 quamvis
1299 3148 1433 3215 videan-

279 3252 332 3303 tur
358 3259 428 3300 esse
458 3237 666 3301 incredibilia.
715 3238 793 3301 Erat
820 3237 867 3300 vir
893 3237 1023 3323 quidam
1050 3258 1184 3324 magnus
1211 3238 1295 3302 inter
1316 3251 1431 3303 omn'es

282 3324 522 3412 Hybernenses,
561 3324 612 3387 cui
649 3347 718 3409 prae
750 3323 941 3388 multimoda
969 3348 1036 3388 suae
1067 3324 1244 3389 sanctitatis
1274 3326 1430 3411 opinione

280 3410 450 3477 nobiliores
478 3410 595 3497 quique
616 3411 730 3495 patriae
754 3409 817 3473 Dei
844 3410 979 3475 servicio
1001 3412 1084 3476 filios
1107 3434 1180 3474 suos
1207 3413 1429 3478 informandos

280 3498 561 3564 contradiderant:
601 3499 731 3585 etquis
757 3512 830 3575 ortu
854 3497 949 3577 simul
973 3512 1005 3563 et
1034 3514 1112 3563 natu
1139 3499 1221 3562 inter
1246 3522 1302 3564 eos
1324 3500 1429 3565 clarus

279 3587 454 3663 effulserat,
482 3586 596 3671 majori
617 3588 826 3651 veneracione
851 3600 884 3650 et
910 3585 1006 3651 laude
1033 3586 1222 3651 excellebat.
1275 3587 1342 3652 Hic
1367 3610 1429 3653 sex

279 3698 396 3761 pueros
417 3698 490 3740 cum
514 3676 604 3738 annis
627 3674 816 3761 quibusdam
836 3674 1013 3752 educasset,
1031 3689 1063 3739 et
1079 3674 1201 3737 caelesti
1218 3674 1338 3760 Spiritu
1355 3675 1428 3741 illos

278 3764 401 3828 fervete
425 3762 565 3839 vidisset,
590 3780 687 3847 supra
701 3762 834 3825 modum
850 3759 882 3822 ln
894 3760 1020 3825 illorum
1037 3760 1311 3826 informationes
1325 3758 1429 3828 ‘dilec-

277 3850 366 3914 tione
392 3848 488 3913 animi
513 3850 563 3912 sui
586 3849 791 3913 dulcedinem
815 3848 973 3918 accendit.
1022 3848 1264 3925 Decedentibus
1284 3849 1426 3937 denique

277 3955 453 4023 puerorum
479 3937 633 4021 patribus,
661 3935 716 4022 qui
740 3935 969 4019 consanguinei
995 3936 1140 4022 ipsorum
1164 3939 1353 4015 extiterant,
1381 3940 1427 4003 ad

276 4023 543 4111 patrimoniorum
559 4045 690 4088 suorum
701 4044 777 4108 Jura
792 4023 862 4086 illos
877 4024 1085 4111 percipienda
1098 4024 1251 4089 continua
1262 4038 1297 4089 et
1308 4024 1427 4111 saepias

277 4112 523 4197 compellebant.
574 4110 617 4175 Et
631 4112 714 4176 adeo
729 4110 934 4175 vehementia
948 4111 1076 4178 illorum
1090 4111 1202 4189 crevit,
1219 4115 1308 4197 quod
1322 4131 1427 4199 quan·

275 4200 383 4288 doque
407 4198 564 4263 violentes
585 4200 626 4264 de
656 4220 751 4267 manu
776 4199 918 4284 religiosi
944 4221 1063 4285 pueros
1085 4215 1209 4293 rapere,
1226 4200 1261 4265 et
1274 4200 1307 4266 in
1323 4222 1426 4285 regno

275 4300 402 4374 patrum
415 4288 584 4352 restituere
597 4287 749 4356 domavit.
784 4287 875 4351 Huic
887 4287 956 4351 viro
967 4288 1147 4373 episcopus,
1158 4288 1299 4353 nutritor
1314 4288 1426 4355 Sancti

276 4374 457 4457 Gatlrberti,
469 4375 651 4452 moriturus,
665 4392 802 4461 puerum
815 4376 1032 4441 cuthbertum
1047 4375 1262 4454 commiserat,
1277 4395 1376 4463 quem
1389 4392 1425 4459 at

272 4462 456 4553 aliquandiu
486 4464 519 4527 ln
547 4462 597 4529 sui
625 4464 775 4537 custodia
803 4462 1006 4529 venerandus
1036 4482 1139 4532 senex
1163 4478 1422 4539 manaverat.
