3142 5159
276 520 324 601 86
651 545 841 600 amamus
867 547 919 599 ua
946 548 1047 612 oaru

273 712 376 777 socios
403 708 590 795 invitabant.
640 710 909 797 circumspiciens
933 735 1013 797 ergo
1036 712 1204 800 episcopus
1219 710 1307 773 videt
1324 733 1427 798 quau·

274 800 349 864 dam
365 800 424 863 sub
440 800 546 883 specie
563 796 705 861 mulieris
729 799 916 862 mirabiliter
932 802 1122 875 radiantem,
1140 813 1172 863 et
1187 800 1274 861 crine
1298 812 1330 861 et
1345 799 1427 861 facie

274 910 347 951 cnm
361 888 483 949 nitente
505 887 640 948 vestium
658 888 812 950 varietate
836 890 916 950 miro
932 889 1030 951 modo
1046 888 1233 973 fulgentem.
1287 884 1426 948 Omnem

275 973 433 1061 siquidem
464 973 634 1035 humanam
667 972 803 1055 effigiem
835 976 882 1037 sui
906 976 1124 1060 pulcritudine
1149 973 1363 1057 praecellebat,
1392 986 1426 1035 et

274 1074 407 1127 ornatus
423 1059 523 1147 ipsius
539 1082 649 1123 omnes
666 1075 804 1124 texturae
829 1062 1002 1127 mundanae
1027 1063 1231 1145 sagacitatem
1250 1060 1298 1123 vel
1316 1060 1427 1145 periti-

273 1170 324 1213 am
348 1148 556 1233 exuperabat.
606 1148 703 1213 Unde
719 1150 906 1237 quicunque
922 1150 1004 1214 illius
1021 1152 1125 1213 vultus
1142 1155 1347 1249 inspexerant
1358 1170 1427 1234 prae

274 1236 380 1301 nimiae
396 1236 555 1319 cupidinis
571 1234 700 1299 lascivia
721 1258 804 1321 pene
831 1236 952 1323 seipsos
979 1251 1194 1312 excesserant.
1243 1238 1288 1316 At
1304 1237 1428 1323 episco-

273 1348 333 1409 pus
349 1346 423 1387 cum
447 1325 648 1386 festinatione
664 1346 777 1409 aquam
797 1324 974 1402 benedixit,
1000 1341 1032 1388 et
1058 1326 1239 1409 aspersorio
1266 1322 1297 1385 in
1326 1345 1364 1385 ea
1380 1324 1427 1383 iu-

275 1414 387 1487 tinct0,
405 1412 436 1473 in
453 1412 635 1495 vmaginem
651 1411 828 1475 fantasticae
839 1412 1017 1476 delusionis
1030 1411 1147 1495 injecit.
1182 1411 1295 1476 Statim
1309 1410 1426 1486 fantas-

274 1499 339 1565 tica
361 1482 483 1561 delusio
507 1498 606 1562 oculis
630 1498 732 1563 delusi
758 1498 872 1585 populi
902 1523 967 1562 non
992 1500 1182 1585 comparuit,
1214 1498 1270 1561 sed
1286 1496 1428 1560 maxima

274 1586 406 1671 parietis
436 1598 528 1671 parte
552 1585 696 1649 ecclesia
727 1608 835 1650 secum
868 1588 978 1650 evulsa
1001 1588 1060 1651 sub
1088 1600 1252 1650 momento
1276 1585 1308 1646 in
1332 1608 1426 1647 auras

276 1676 386 1737 inanes
402 1675 542 1741 evanuit.
592 1673 766 1760 Tantoque
782 1675 898 1737 foetore
910 1698 1003 1738 nares
1020 1676 1162 1738 omnium
1189 1674 1254 1736 suis
1278 1672 1428 1735 ludibriis

276 1762 485 1847 deceptorum
514 1759 711 1844 perfuderat,
737 1762 824 1848 quod
850 1763 902 1824 vix
934 1786 976 1825 ex
1004 1762 1137 1824 horrore
1169 1759 1248 1823 tanti
1274 1758 1426 1822 stercoris

276 1848 434 1935 quispiam
460 1848 633 1911 subsistere
656 1850 863 1932 praevalebat.
913 1851 995 1912 Nam
1014 1870 1278 1935 quorumcunque
1303 1848 1427 1909 animos

275 1936 415 2000 luxuriae
437 1936 568 1999 flamma
604 1936 823 2013 succenderat,
855 1936 970 2000 horum
1004 1960 1115 2000 sensus
1153 1958 1247 2021 quam
1286 1933 1427 1997 maxime

275 2024 373 2087 foetor
404 2022 470 2107 ipse
507 2022 742 2108 praegravabat.
800 2022 897 2086 Tunc
931 2026 1100 2109 episcopus
1133 2044 1314 2086 sermonem
1340 2044 1429 2084 com-

277 2109 462 2175 monitionis
500 2108 649 2185 intexuit,
689 2122 721 2171 et
760 2110 801 2172 de
827 2112 1048 2196 immundiciae
1081 2111 1313 2174 incontinentia
1342 2131 1428 2194 prae-

279 2198 407 2261 dicavit.
470 2206 491 2236 “
513 2196 630 2271 Ecce‚''
668 2196 828 2281 inquiens,
878 2208 972 2262 “vos
1011 2199 1109 2262 modo
1142 2197 1243 2261 oculis
1278 2219 1429 2281 corpora-

277 2285 361 2347 libus
388 2282 581 2367 inspexistis,
613 2304 711 2369 quare
750 2282 826 2346 olim
857 2296 923 2347 tam
954 2287 1069 2348 crebro
1099 2286 1232 2349 feminas
1273 2286 1314 2348 ab
1341 2284 1428 2347 omni

279 2369 378 2434 limite
411 2370 553 2434 ecclesiae
586 2392 665 2433 meae
695 2372 889 2455 separandas
920 2372 1084 2440 didicistis.
1146 2374 1229 2436 Nam
1260 2394 1428 2459 nunquam

281 2456 381 2522 viscus
404 2456 524 2522 diaboli
547 2457 752 2521 ludibriosius
777 2457 843 2522 sive
859 2461 1068 2544 perniciosius
1085 2460 1265 2545 suscipitur,
1283 2482 1378 2547 quam
1396 2459 1428 2522 in

279 2546 378 2610 domo
412 2544 553 2622 Domini,
582 2544 637 2608 ubi
664 2547 821 2610 castitatis
847 2547 950 2611 hostia
974 2548 1091 2612 cotidie
1108 2548 1300 2611 immolatur.
1358 2548 1429 2610 Nec

279 2632 373 2697 citius
389 2656 530 2723 unquam
548 2632 633 2695 virus
649 2633 851 2718 deceptionis
866 2635 989 2713 inserit,
1006 2658 1102 2723 quam
1118 2651 1223 2701 astuta
1239 2636 1427 2699 feminarum
1445 2642 1457 2651 “

280 2721 437 2807 decipula,
461 2742 535 2808 quae
551 2736 583 2786 et
598 2720 639 2784 de
655 2720 807 2807 paradiso
816 2722 943 2786 'animas
952 2723 1131 2810 fragiliores
1143 2723 1288 2811 expellit.
1319 2722 1428 2797 Quare

281 2830 325 2872 ex
352 2808 415 2872 hoc
439 2821 584 2891 tempore
609 2808 799 2872 feminarum
826 2832 973 2874 accessus
998 2810 1031 2874 in
1047 2813 1124 2874 meis
1140 2836 1160 2875 a
1175 2810 1272 2874 modo
1288 2809 1429 2874 ecclesiis

280 2894 445 2980 prohibeo,
459 2897 535 2982 quia
548 2896 696 2978 spiritum
708 2896 889 2960 fornicariae
901 2898 1057 2973 falsitatis,
1069 2922 1164 2985 quem
1177 2898 1307 2974 vidistis,
1321 2920 1428 2984 neque

282 3004 338 3047 vos
357 2984 407 3047 vel
424 3006 513 3047 meos
529 3007 548 3046 a
565 2982 629 3046 Dei
646 2985 780 3046 servicio
796 2985 962 3049 retardare
978 2988 1139 3069 permitto.
1165 2986 1264 3062 Quod
1278 2986 1303 3048 si
1320 2986 1430 3071 aliqua

281 3071 519 3155 impudibunda
534 3071 672 3143 scienter
687 3092 722 3135 se
734 3073 916 3158 ingesserit,
931 3072 997 3137 scio
1013 3075 1089 3159 quia
1102 3074 1175 3137 Deo
1191 3074 1318 3136 vindice
1333 3076 1428 3136 citius

280 3160 443 3243 punietur.
469 3158 554 3221 Haec
565 3178 694 3242 quoque
710 3159 802 3221 vobis
816 3160 961 3244 praedico
977 3162 1010 3222 in
1022 3175 1188 3243 posterum
1198 3163 1275 3247 quia
1290 3158 1429 3223 nonnul-

281 3246 329 3307 las
347 3248 415 3329 jam
431 3244 526 3308 video
541 3266 621 3306 ausu
637 3266 696 3306 suo
713 3248 885 3309 temerario
903 3248 966 3309 Dei
979 3248 1132 3311 offensam
1147 3262 1179 3312 et
1190 3271 1271 3311 meae
1281 3247 1430 3335 indigna-

283 3332 379 3395 tionis
391 3352 504 3414 poenas
519 3331 735 3393 incursurae.’'
765 3331 914 3418 Denique
931 3334 1002 3408 baec
1017 3338 1086 3421 ejus
1097 3350 1262 3421 praecepta
1273 3335 1429 3398 hactenus

282 3419 506 3495 observantur,
532 3431 563 3481 et
587 3422 614 3479 si
636 3417 830 3504 quandoque
851 3419 1031 3509 transgredi
1047 3438 1285 3509 presumuntur,
1302 3444 1431 3507 semper

283 3506 406 3570 ultione
416 3506 583 3570 celerrima
594 3506 774 3590 expiantur.
788 3507 872 3572 Haec
882 3515 924 3571 de
932 3511 1116 3574 Scottorum
1126 3510 1251 3596 paginis
1261 3524 1293 3574 et
1303 3510 1430 3595 scriptis

282 3596 522 3680 exscripsimus,
534 3592 589 3657 sed
598 3596 674 3678 quia
684 3596 826 3659 seriatim
836 3610 1019 3680 exponente
1028 3599 1202 3684 interprete
1212 3600 1310 3662 verba
1319 3597 1431 3685 singu·

284 3682 316 3744 la
331 3682 484 3769 liquidius
500 3682 674 3746 transferre
690 3684 902 3768 nequivimus,
920 3686 1064 3748 sensibus
1081 3682 1281 3772 explicandis
1298 3708 1428 3771 operam

283 3770 432 3833 dedimus
447 3782 480 3834 et
495 3771 528 3833 in
542 3770 686 3856 linguam
698 3770 792 3833 istam
809 3773 1041 3837 transtulimus.
1086 3774 1175 3850 Quia
1190 3773 1337 3837 maximis
1353 3774 1431 3835 viris

285 3869 316 3920 et
346 3857 510 3919 nonnullis
543 3856 808 3941 Hyberneusium
833 3860 993 3944 episcopis
1019 3863 1243 3945 perorantibus
1268 3862 1308 3925 de
1337 3860 1430 3925 Beati

287 3942 458 4008 Cuthberti
484 3942 645 4006 natalibus
670 3945 827 4025 praeclara
851 3948 997 4031 quaedam
1024 3950 1214 4026 audivimus,
1245 3950 1300 4014 illa
1330 3963 1431 4035 prout

285 4030 394 4108 decuit
415 4032 449 4093 in
473 4030 535 4095 hoc
557 4028 668 4093 libello
692 4032 895 4110 inseruimus,
916 4048 948 4098 et
964 4038 1058 4101 unius
1074 4039 1220 4123 corporis
1236 4036 1372 4125 effigiem
1388 4036 1431 4099 de

285 4138 444 4205 compage
466 4135 593 4183 artuum
610 4118 736 4183 diversa
750 4121 982 4210 compegimus.
1030 4125 1116 4201 Quae
1131 4126 1217 4188 enirn
1235 4125 1336 4188 sancti
1347 4146 1431 4211 pon-

283 4205 385 4269 tifices
411 4206 445 4268 in
468 4206 512 4268 lin
538 4230 579 4271 ua
603 4221 712 4271 suaet
735 4221 821 4272 terra
844 4209 884 4273 de
907 4225 998 4275 tanto
1018 4235 1121 4297 puero
1136 4214 1282 4300 legerant
1297 4212 1432 4276 omnino

283 4293 411 4357 silentio
442 4232 567 4378 sepefiri
597 4315 662 4355 non
689 4294 879 4361 debuerant.
933 4299 1016 4361 Nam
1039 4300 1175 4368 fortasse
1205 4323 1267 4390 pro
1294 4323 1334 4363 eo
1358 4298 1431 4362 illos

284 4380 373 4445 Deus
397 4382 437 4445 ad
462 4404 521 4446 nos
545 4379 668 4447 venisse
684 4383 849 4469 compulit,
866 4386 943 4474 quia
960 4386 1052 4450 Beati
1070 4389 1244 4452 Cuthberti
1258 4386 1380 4451 natalia
1395 4388 1431 4449 in

282 4470 442 4533 cineribus
465 4470 657 4555 ignorantiae
679 4472 730 4535 rel
753 4470 924 4536 oblivionis
938 4474 1071 4539 sordere
1086 4474 1206 4541 dlutius
1222 4474 1337 4543 noluit.
1387 4470 1432 4538 Et
