3142 5159
559 496 670 547 nnors
699 498 921 547 nnrnonnn.
1257 478 1317 549 ‘15

167 659 284 724 intulit.
334 658 432 732 Quod
447 658 556 722 videns
571 661 754 725 veneranda
772 660 945 725 Comitissa
959 674 992 725 et
1008 660 1098 745 plebs
1115 661 1179 746 igni
1195 662 1321 727 circun-

166 762 251 811 stans
275 746 451 823 innumera,
476 746 518 809 de
535 746 696 833 'Martyris
721 747 838 812 merito
860 748 980 812 certior
1001 764 1050 813 est
1075 748 1202 828 effecta,
1227 750 1319 815 etin

167 832 344 918 gratiarum
353 832 578 918 prosecutione
591 833 794 899 devotissime
816 836 974 899 revoluta.
1036 835 1174 899 Thostio
1189 835 1320 901 Comite

166 918 358 1005 proscripto,
371 919 543 984 haereditas
556 922 628 1005 'ejus
644 922 799 986 devoluta
812 922 914 986 estad
929 924 1042 987 fiscum
1054 926 1190 1007 regium.
1237 924 1321 987 Sub-

168 1012 240 1072 acta
263 1024 347 1072 vero
367 1007 482 1091 Anglia
506 1007 711 1087 Normannis,
729 1022 763 1073 et
790 1008 949 1074 Willelmo
974 1009 1214 1074 Normanorum
1236 1010 1324 1075 duce

167 1094 200 1158 in
230 1117 341 1159 reem
371 1095 552 1179 Anglornm
581 1100 778 1173 consecrato,
811 1110 946 1181 accepto
973 1110 1118 1181 tempore
1148 1098 1322 1162 comitatus

170 1120 517 1269 Nordfflanymbrornm
546 1183 630 1267 regis
660 1182 880 1247 munificentia
906 1183 1001 1249 datus
1027 1197 1077 1249 est
1104 1184 1252 1249 Roberto
1277 1186 1320 1249 de

170 1269 335 1356 Mulbray,
354 1268 422 1333 viro
440 1282 612 1333 st'ematum
633 1269 731 1355 longa
752 1270 835 1335 serie
858 1294 1028 1355 generoso,
1053 1273 1176 1336 statura
1190 1273 1322 1358 quidem

167 1378 316 1441 procem,
337 1369 370 1420 et
393 1356 536 1421 militaris
558 1356 727 1441 probitatis
750 1359 912 1446 elegantia
934 1358 1087 1447 glorioso.
1135 1359 1198 1423 Hic
1222 1359 1320 1444 coepit

172 1445 327 1509 Sanctum
345 1443 469 1529 Regem
484 1459 518 1509 et
535 1444 713 1530 Martyrem
733 1444 898 1509 Oswinum
913 1446 1043 1510 eximiae
1054 1445 1234 1510 devotionis
1250 1446 1323 1510 dili-

168 1531 277 1616 gentid
292 1532 452 1609 excolere,
470 1544 504 1595 et
527 1532 695 1599 ecclesiam
717 1532 750 1596 in
773 1534 836 1619 qua
858 1531 1091 1597 sanctissimum
1113 1535 1182 1619 ejus
1205 1556 1324 1619 corpus

168 1618 401 1706 requiescebat,
430 1620 504 1705 qnia
526 1618 608 1683 infra
631 1619 788 1684 ambitum
810 1620 906 1683 castri
932 1621 1001 1704 ejus
1028 1623 1062 1684 in
1089 1621 1323 1706 Tynemudtha

169 1706 405 1783 continebatur,
424 1706 598 1770 fundorum
625 1718 658 1771 et
685 1706 881 1790 praediorum
904 1706 998 1791 copia
1022 1707 1147 1786 ditavit,
1176 1722 1210 1773 et
1236 1708 1324 1772 viros

169 1792 337 1856 monastici
360 1792 490 1870 ordinis,
509 1793 549 1857 de
563 1795 757 1857 monasterio
777 1794 885 1857 Sancti
904 1794 1021 1866 Albani
1046 1795 1225 1879 Anglorum
1248 1817 1323 1880 prou

170 1879 375 1964 thomartyris
398 1892 589 1965 assumptos,
617 1879 695 1944 inibi
717 1880 898 1959 collocavit,
926 1882 982 1967 qui
1011 1882 1140 1945 nomine
1172 1882 1323 1945 Priorum

169 1966 368 2053 praefuerunt
383 1968 622 2045 monasterium,
639 1968 671 2031 in
689 1990 753 2054 quo
769 1967 867 2033 modi>
889 1968 1061 2055 requiescit
1088 1968 1223 2032 Sanctus
1249 1970 1323 2033 Rex

169 2067 204 2118 et
221 2054 310 2118 Mart
333 2077 349 2116 r
367 2053 524 2119 Oswiuus.
563 2056 672 2142 >Cujus
688 2069 796 2120 tamen
811 2054 1012 2120 fundamenti
1026 2056 1126 2133 initia,
1141 2070 1176 2120 ut
1191 2056 1320 2135 dicitur,

173 2143 290 2207 Comes
306 2076 459 2205 'l'hostius
470 2143 607 2227 jecerat,
622 2145 639 2207 a
656 2143 871 2206 fundamentis
884 2142 1137 2208 aedificaverunt.
1163 2145 1325 2209 Consum·
1352 2215 1355 2223 ¹

169 2241 258 2293 mato
274 2252 352 2293 vero
367 2230 552 2309 monasterii
567 2229 644 2294 novi
660 2230 809 2307 aedificio,
823 2230 980 2315 gloriosus
999 2230 1126 2317 Martyr
1138 2231 1325 2317 abantiquis

170 2315 315 2394 ecclesia,
332 2316 364 2379 in
380 2318 443 2404 qua
457 2318 621 2381 celebrato
636 2316 791 2403 martyrio
805 2317 954 2381 humatus
969 2317 1086 2396 fuerat,
1103 2330 1137 2383 et
1152 2321 1194 2384 ab
1208 2318 1326 2404 AEgel-

170 2403 255 2467 wino
277 2405 414 2488 praesule
436 2404 595 2482 inventus,
620 2405 791 2469 translatus
814 2417 864 2468 est
886 2406 918 2468 in
941 2406 1169 2470 monasterium
1192 2428 1324 2485 novum,

171 2502 205 2555 et
221 2490 336 2554 scrinio
352 2513 438 2554 novo
454 2503 545 2554 tanto
563 2490 701 2576 Martyri
716 2491 817 2579 digno
828 2492 1013 2557 solemniter
1024 2493 1220 2570 reconditus,
1237 2516 1323 2557 anno

172 2580 213 2642 ab
243 2576 461 2641 incarnatione
492 2576 641 2641 Domini.
657 2577 826 2641 millesimo
855 2579 1030 2643 centesimo
1060 2580 1325 2659 terci0,deci1no

177 2663 396 2728 Kalendarum
416 2663 666 2749 Septembrium,
683 2664 734 2729 die
750 2665 910 2729 vedelicet
925 2666 1077 2751 passionis
1092 2670 1172 2755 ejus.
1221 2668 1327 2733 Inter-

172 2751 305 2815 fuerunt
319 2768 428 2815 autem
444 2752 635 2816 veneraudae
651 2751 850 2816 translationi
869 2753 943 2818 huic
960 2754 1186 2819 Dunelmensis
1200 2754 1327 2840 episco·
1425 2798 1430 2814 .

173 2861 232 2925 pus
253 2838 439 2917 Rannulfus,
457 2840 555 2903 abbas
570 2838 755 2917 monasterii
775 2840 885 2904 Sancti
902 2842 1021 2906 Albani
1039 2842 1207 2921 Ricardus,
1224 2844 1326 2908 abbas

177 2924 422 2991 salesberiensis
450 2927 560 3011 Hugo,
586 2939 620 2992 et
644 2927 814 2991 innumera
838 2929 1009 3013 promiscui
1035 2932 1132 2995 sexus
1148 2943 1191 2994 et
1217 2930 1324 2995 aetatis

173 3014 300 3077 diversa
322 3013 507 3093 multitudo,
525 3038 597 3100 quae
614 3015 654 3079 de
678 3014 810 3079 remotis
825 3027 859 3079 et
874 3015 984 3079 vicinis
1007 3018 1151 3101 partibus
1172 3017 1215 3081 ad
1238 3018 1324 3081 diem

175 3112 380 3179 convenerat,
399 3114 502 3165 tracta
521 3102 723 3167 celebrandae
743 3101 958 3167 translationis
973 3104 1159 3169 devotione.
1204 3105 1325 3169 Jocun·

172 3189 287 3253 demur
300 3188 409 3275 itaque
425 3188 458 3251 in
474 3189 616 3254 Domino
632 3188 839 3267 dilectissimi,
856 3203 891 3255 et
912 3192 1029 3256 iterata
1048 3192 1156 3256 Sancti
1174 3192 1274 3345 Regis
1289 3204 1323 3256 et

174 3275 328 3363 Martyris
348 3275 468 3340 Oswini
484 3276 637 3342 solemnia
652 3278 851 3363 propensiori
867 3280 943 3343 cura
958 3280 1168 3344 celebremus

172 3362 315 3427 tristiciae
339 3363 572 3448 proscribamus
588 3364 744 3443 nubilum,
761 3366 818 3428 ubi
833 3389 954 3430 cuneus
969 3366 1125 3431 virtutum
1139 3368 1326 3453 multiplicis

171 3450 328 3515 instaurat
343 3450 460 3515 leticiae
476 3474 633 3517 serenum.
681 3452 718 3516 In
734 3474 849 3517 sereno
863 3454 969 3538 posita
982 3454 1135 3542 Martyris
1151 3455 1264 3539 gloria,
1281 3456 1324 3520 ad

172 3536 311 3623 paradisi
325 3560 475 3602 serenum
486 3559 544 3603 suo
559 3539 673 3603 invitat
688 3540 839 3624 exemplo
852 3540 988 3605 divitum
1002 3541 1101 3607 milia.
1149 3542 1225 3607 Non
1236 3543 1324 3608 enim

171 3624 348 3689 sanctitatis
371 3647 538 3714 aggressus
561 3638 610 3691 est
633 3625 729 3703 viam,
745 3628 944 3713 paupertatis
966 3646 1097 3693 coactus
1118 3632 1324 3709 necessitate,

171 3712 234 3791 vel,
252 3727 289 3776 ut
311 3713 382 3776 fieri
398 3714 531 3791 assolet,
543 3713 744 3803 aegritudinis
753 3713 970 3780 'invalitudine
984 3739 993 3793 3
1016 3718 1074 3781 sed
1088 3719 1156 3782 sold
1170 3718 1328 3783 creatoris

170 3800 270 3885 gratis
295 3800 405 3865 dilecti
436 3812 555 3866 tractus
582 3801 864 3887 contemplatione,
890 3802 970 3867 vixit
1000 3805 1034 3868 in
1064 3807 1205 3891 purpura
1233 3829 1323 3873 more

173 3888 292 3966 David,
306 3910 430 3974 pauper
441 3901 474 3953 et
490 3889 601 3953 dolens
613 3914 621 3967 3
637 3912 760 3975 pauper
774 3890 898 3975 spiritu,
912 3892 1029 3955 divitiis
1041 3908 1075 3957 et
1090 3894 1212 3959 deliciis
1227 3894 1325 3980 regiis

171 3975 345 4053 affluebat;
367 3977 425 4041 sed
447 3977 557 4043 dolens
581 3978 614 4041 in
636 3978 760 4063 spiritu,
777 3979 874 4041 rebus
889 3980 1095 4045 affluentibus
1109 4004 1166 4046 cor
1187 4003 1252 4044 non
1267 4004 1327 4067 ap·

170 4063 324 4147 ponebat.
382 4063 514 4139 Quanto
541 4066 627 4129 enim
650 4066 751 4150 magis
779 4065 877 4151 copiis
907 4067 1071 4147 affluebat,
1099 4081 1190 4134 tanto
1219 4070 1324 4133 minus
1406 4139 1408 4143 ,

171 4149 336 4214 desideriis
363 4152 526 4217 effluebat.
572 4154 611 4217 In
637 4153 745 4217 medio
769 4153 1059 4240 circumstrepentis
1083 4157 1224 4235 familiae,
1250 4180 1324 4244 quae

171 4249 241 4301 erat
257 4237 287 4301 ei
303 4239 403 4303 multa
417 4239 521 4318 nimis,
538 4240 700 4325 elongavit
715 4240 861 4325 fugiens3
884 4254 919 4307 et
937 4243 1053 4307 mansit
1072 4244 1187 4309 mentis
1203 4244 1236 4308 in
1251 4244 1327 4308 soli·

171 4324 295 4403 tudine,
327 4324 568 4411 frequentatum
597 4329 815 4416 subjectarum
845 4329 905 4394 sibi
934 4331 1077 4416 plebium
1106 4330 1324 4397 multitudine.

175 4411 264 4477 Sicut
280 4412 372 4499 regni
389 4412 529 4501 dignitas
545 4416 709 4501 exigebat,
725 4416 803 4481 soris
819 4438 854 4482 se
869 4419 1009 4503 agebat;
1026 4421 1085 4484 sed
1100 4420 1234 4484 affectus
1250 4441 1324 4485 suos

170 4498 255 4563 intus
267 4522 394 4584 regens,
412 4500 545 4567 viriliter
560 4503 592 4567 in
604 4502 793 4569 humilitatis
805 4517 839 4570 et
854 4506 1053 4591 paupertatis
1065 4528 1175 4571 amore
1192 4528 1327 4573 exerce-

726 4626 738 4659 Ι

1248 3302 1326 3345 mne
1425 3358 1427 3362 Ι
