3142 5159
256 464 331 535 ’892
726 480 820 529 vrrs
848 476 988 529 oswrur

285 642 358 726 Ego
373 641 457 707 enim
474 662 543 705 sum
570 640 642 706 Rex
664 652 699 705 et
723 640 852 727 Martyr
878 640 1036 717 Oswinus,
1052 640 1108 727 qni
1131 639 1190 704 tibi
1212 639 1300 723 apud
1319 637 1443 703 Deum

282 727 475 815 patrdeinari
489 728 640 793 sufficio.’'
682 726 809 801 Quibus
823 727 930 805 dictis,
944 726 1060 793 mulier
1073 726 1210 793 insolite
1225 725 1354 789 visionis
1369 727 1445 789 ful·

282 837 394 899 gorem
411 818 466 879 vix
481 812 648 893 sustinens,
666 813 711 877 ita
726 813 787 878 sibi
803 836 882 881 soce
896 812 1029 901 quidem
1042 813 1190 891 tremite,
1206 811 1442 899 flebilibusque

282 900 423 986 suspiriis
446 900 646 986 respondisse
670 900 851 964 videbatur.
898 911 921 941 “
936 900 1071 965 Peccavi
1093 898 1223 963 domine
1244 898 1300 975 mi,
1324 899 1441 963 fateor

280 986 435 1091 peccavi3
457 986 608 1053 miserere
624 986 748 1053 ancilloe
765 1000 831 1051 tuae
845 986 1062 1053 miserabilis?
1111 986 1156 1049 At
1170 985 1248 1050 ille:
1272 995 1295 1026 “
1304 986 1438 1049 Valde”

281 1074 385 1163 lnquit
400 1085 422 1115 ‘⁶
432 1074 577 1174 displicet
587 1072 675 1153 mihi,
687 1074 749 1139 boc
760 1072 943 1139 indiscretae
954 1071 1164 1158 simplicitatis
1176 1091 1243 1137 tuae
1251 1070 1440 1137 consilium.

283 1158 422 1227 Noreris
445 1164 542 1247 igrtur
565 1160 642 1247 quia
654 1161 752 1227 modo
767 1160 899 1246 quidem
985 1182 1125 1249 nequam
1145 1157 1300 1234 morieris,
1317 1180 1439 1237 rerum

281 1262 391 1313 tamen
413 1248 495 1313 dura
515 1247 680 1347 praesentis
703 1246 861 1311 molestius
883 1248 967 1331 dage
991 1248 1011 1311 a
1033 1244 1175 1331 patieris.
1221 1246 1305 1312 Cum
1320 1258 1438 1313 autern

238 1374 240 1381 ·
282 1334 347 1401 Dei
373 1335 545 1401 clementia
568 1332 681 1399 melius
705 1334 827 1399 babere
848 1333 996 1419 coeperis,
1013 1334 1085 1397 vide
1101 1344 1138 1399 ut
1152 1332 1196 1397 ad
1215 1331 1385 1399 ecclesiam
1398 1331 1436 1397 in

281 1422 345 1509 qui.
359 1444 474 1506 corpus
483 1442 592 1487 meum
601 1419 772 1507 requiescit
782 1420 924 1499 veniens,
936 1433 1014 1485 ante
1024 1419 1198 1503 sepulturae
1213 1441 1296 1483 meae
1309 1418 1435 1497 locum,

281 1530 355 1573 cum
383 1507 557 1573 devotione
584 1520 712 1572 noctem
740 1529 783 1571 ex
808 1507 937 1595 integro
963 1506 1098 1595 vigilem
1119 1505 1228 1593 ibique
1254 1504 1433 1591 plenariam

282 1593 424 1679 corporis
440 1593 487 1659 tui
502 1593 637 1693 recipies
652 1594 854 1659 sanitatem.’'
895 1593 938 1658 Et
952 1592 1002 1657 his
1016 1591 1120 1671 dictis,
1138 1592 1156 1663 t
1171 1591 1343 1675 presensit
1355 1592 1435 1657 suh-

281 1681 366 1745 latus
385 1693 434 1745 est
456 1680 609 1745 mulieris.
656 1680 775 1747 Mulier
791 1702 869 1745 vero
883 1681 962 1745 dum
975 1680 1067 1766 quasi
1088 1679 1132 1743 nd
1156 1678 1251 1745 Beati
1274 1678 1431 1765 Martyris

282 1767 522 1854 disparitionem
551 1767 629 1831 flens
658 1780 692 1832 et
719 1766 852 1852 ejulans,
881 1766 1018 1853 qualiter
1040 1766 1073 1831 in
1095 1764 1214 1830 somnis
1239 1764 1311 1830 fieri
1336 1765 1431 1841 solet,

281 1854 422 1941 graviter
437 1854 671 1941 ingemisceret,
685 1854 883 1919 suscitaturi
898 1853 1018 1919 familia
1026 1876 1037 1929 ;
1051 1865 1086 1917 et
1100 1852 1252 1939 quidnam
1266 1852 1432 1918 habuisset

281 1942 445 2028 requisita,
466 1942 565 2007 refert
584 1964 657 2029 quae
677 1941 813 2005 viderat.
859 1941 964 2027 Igitur
975 1940 1103 2005 evoluti
1127 1941 1253 2005 dierum
1267 1937 1431 2022 paucitate

281 2029 363 2093 sicut
378 2028 535 2105 audierat,
552 2030 570 2090 *a
589 2028 647 2093 sni
665 2028 891 2091 convalescens
906 2025 1092 2091 infirmitate
1107 2025 1219 2091 debita
1238 2039 1316 2090 vota
1333 2026 1432 2089 devo·

279 2114 375 2178 tionis
400 2116 475 2178 Deo
494 2114 678 2199 Sanctaque
703 2114 842 2199 Martyri
864 2114 1047 2199 persolvere
1070 2112 1204 2190 studuit,
1221 2125 1254 2177 et
1269 2112 1302 2175 in
1316 2112 1431 2178 eidem

281 2222 378 2352 iffi
396 2200 534 2265 diximus
560 2200 634 2263 villa
654 2199 809 2284 plurimos
831 2213 945 2286 postea
960 2199 1035 2265 vitae
1050 2200 1118 2265 dies
1142 2213 1176 2265 et
1202 2197 1432 2267 incolumitatis

346 2301 405 2351 uit.

282 2544 381 2615 CAP.
399 2549 734 2629 XVIIL-anmodo
748 2553 870 2632 quidem
882 2551 1045 2630 presbiter
1059 2549 1080 2613 d
1095 2551 1210 2631 fetore,
1226 2569 1315 2630 qraem
1328 2550 1432 2611 saara

367 2639 527 2717 adcedam
540 2639 693 2700 vulnerari
711 2640 907 2717 evaporabat,
923 2640 957 2698 ia
971 2638 1180 2720 irfirmitntem
1195 2640 1321 2716 pariter
1333 2647 1363 2698 et
1373 2656 1432 2699 ca-

367 2728 489 2787 atatem
504 2726 623 2800 incida,
640 2733 711 2789 ante
724 2725 950 2805 ejussermum
965 2727 1065 2789 airam
1075 2732 1106 2788 et
1117 2726 1280 2788 sanitatem
1294 2725 1416 2805 recepit.

330 2894 471 2971 Quidam
490 2895 658 2980 presbiter,
680 2894 843 2961 Osbernus
862 2894 1001 2971 nornine,
1018 2895 1192 2982 aliquando
1210 2893 1320 2958 vicarii
1339 2894 1429 2957 func-

281 2995 333 3047 tus
349 2996 397 3049 est
412 2982 516 3047 officio
532 2982 565 3045 in
580 2982 714 3049 ecclesii
729 2982 771 3047 de
789 2982 821 3045 T
842 2982 1041 3057 nemudthd3
1064 2995 1098 3047 et
1112 2995 1226 3069 postea
1239 2982 1372 3081 capellan
1386 2980 1426 3043 de

285 3070 436 3133 Hortnnis
459 3069 603 3135 minister
627 3069 748 3134 extitit.
827 3092 958 3155 empore
982 3068 1081 3153 igitur
1105 3069 1161 3133 illo
1182 3092 1248 3155 quo
1272 3091 1305 3131 m
1323 3067 1431 3155 Tyne-

281 3156 416 3219 mudthel
434 3156 542 3221 divina
562 3156 747 3232 celebravit,
770 3155 813 3219 ad
833 3156 1026 3222 visitandum
1043 3156 1207 3243 quendam
1224 3156 1266 3221 de
1286 3152 1431 3241 parochi-

287 3243 355 3307 anis
378 3240 442 3305 suis
465 3254 562 3325 caput
584 3241 682 3305 laetuli
704 3242 836 3306 vulnere
852 3243 983 3320 fossum,
1000 3243 1052 3307 die
1068 3243 1205 3329 quisdam
1221 3241 1376 3317 accessit3
1397 3253 1431 3305 et

287 3327 428 3393 residens
445 3340 519 3393 ente
535 3328 736 3393 vulneratum
751 3328 808 3391 vix
823 3328 972 3393 ultimum
989 3329 1134 3415 spiritum
1150 3330 1343 3407 trahentem,
1358 3327 1431 3413 qnia

287 3413 413 3501 corpori
438 3437 502 3479 non
528 3414 645 3501 potuit,
672 3416 789 3479 animae
815 3416 928 3481 saltem
954 3417 1078 3482 mederi
1104 3417 1238 3485 studuit.
1286 3416 1329 3484 Et
1356 3415 1431 3482 dum

285 3524 466 3567 sermonem
478 3501 733 3567 exhortatorium
744 3503 785 3567 de
801 3503 991 3569 confitendis
1005 3502 1145 3588 peccatis
1155 3504 1198 3567 ad
1212 3526 1286 3571 eum
1301 3503 1430 3579 faceret,

288 3612 363 3655 eece
379 3590 434 3676 qui
450 3590 563 3655 vulnus
582 3590 720 3675 primum
739 3590 912 3668 inflixerat,
928 3590 1011 3654 furia
1026 3603 1136 3656 vectus
1151 3591 1299 3669 accurrit,
1316 3602 1350 3657 et
1368 3588 1432 3674 gla-

289 3676 354 3754 dio,
372 3700 468 3763 quem
483 3676 629 3744 strictum
644 3689 677 3741 et
689 3678 893 3761 evaginatum
906 3679 1049 3756 tenebat,
1065 3678 1178 3743 vulnus
1192 3678 1225 3741 in
1240 3677 1324 3743 idem
1334 3674 1432 3761 gemi-

287 3762 395 3838 navit3
412 3776 446 3827 et
461 3786 520 3827 nec
537 3763 646 3829 Deum
659 3763 784 3841 timeus,
798 3786 1017 3828 neeresereus
1028 3764 1204 3842 hominem,
1220 3764 1254 3829 in
1265 3761 1432 3849 presensit

289 3849 464 3914 sacerdotis
484 3849 661 3926 assidentia,
678 3862 817 3915 mortem
835 3851 971 3933 urgebat
993 3852 1170 3918 morientis.
1217 3850 1302 3918 Mox
1324 3872 1432 3934 recep-
1549 3877 1550 3892 ¹

288 3936 371 4001 toria
381 3936 506 4001 cerebri
518 3936 715 4019 resumpta,
727 3936 851 4001 fumum
863 3938 1067 4003 tenebrosum
1079 3952 1114 4004 et
1128 3939 1278 4007 soetorem
1290 3936 1432 4005 tabidum

191 4096 196 4100 ,
287 4022 420 4107 largiter
446 4023 562 4100 emisit,
594 4036 627 4088 et
654 4022 785 4087 Osberti
812 4024 921 4089 oculos
951 4026 1162 4092 incontinenti
1184 4026 1275 4111 quasi
1296 4024 1430 4112 quisdam

289 4110 442 4177 caeeitatis
458 4111 589 4197 squama
604 4109 741 4195 operuit,
758 4123 792 4175 et
803 4109 887 4176 inter
901 4125 1036 4178 caeteros
1051 4136 1160 4179 sensus
1173 4114 1242 4198 ejus
1251 4110 1430 4178 intolerabi-

287 4197 351 4263 lem
377 4198 518 4263 exelavit
541 4199 790 4282 corruptionem,
811 4199 955 4263 omnimn
977 4198 1059 4285 pene
1083 4222 1233 4266 sensuum
1257 4198 1430 4265 destituens

288 4284 404 4350 officio.
453 4284 634 4351 astantium
651 4306 727 4353 vero
744 4287 838 4351 turba
852 4287 1014 4361 videnset
1028 4288 1214 4365 condolens,
1231 4285 1309 4354 dure
1324 4285 1432 4352 deten-

287 4385 357 4437 tum
368 4370 452 4457 rapit
467 4372 677 4449 sacerdotem,
691 4384 725 4437 et
739 4373 807 4437 aeri
821 4386 974 4459 corrupto
985 4374 1185 4453 subtrahens,
1199 4374 1319 4461 quanta
1329 4372 1431 4457 potuit

275 4459 454 4557 *celeritate
470 4460 512 4527 ad
528 4460 649 4547 proprii
664 4460 795 4547 hospitii
809 4460 913 4527 defert
928 4460 1096 4530 officinam.
1146 4460 1214 4532 Ubi
1233 4462 1296 4529 tria
1309 4460 1430 4531 dierum
