3142 5159
283 402 332 479 46
643 466 647 475 .
730 428 822 477 v1rn
848 426 985 477 oswrnr

283 589 524 675 prasentiamm
536 590 669 657 clericus
678 590 827 655 devotus.
837 601 843 611 '
853 590 897 655 Et
907 589 984 677 qnia
994 602 1138 653 ventrem
1150 586 1268 673 pariter
1278 598 1320 652 et
1332 599 1435 672 capnt

283 676 384 755 doles,
402 691 437 747 ut
452 678 493 743 de
510 678 628 743 ventris
647 701 704 764 per
727 679 864 745 Beatum
883 676 1047 744 Oswinum
1060 676 1241 762 praestandd
1255 676 1434 741 curatione

283 787 412 830 securus
426 766 556 844 existas,
571 789 635 851 ego
649 766 761 853 capitis
781 766 828 831 tui
847 766 992 831 dolorem
1010 764 1106 851 abigo
1122 777 1209 831 tactu
1224 764 1335 829 meo.”
1389 762 1434 827 Et

283 852 353 917 baec
368 852 489 934 dicens,
506 876 616 923 nasum
632 854 780 941 patientis
796 854 966 921 contractis
978 852 1084 939 digitis
1099 852 1217 917 arctius
1232 851 1384 930 strinxit,
1398 864 1434 917 et

283 940 449 1026 disparuit.
495 942 623 1029 Hospes
638 956 746 1009 autem
760 942 929 1032 languidus
950 940 1132 1030 stringentis
1147 940 1252 1005 officio
1266 962 1432 1004 excussus

282 1044 331 1093 est
357 1052 479 1108 somno,
507 1044 541 1095 et
566 1031 770 1097 exuberantis
797 1030 956 1119 sauguinis
982 1052 1040 1115 per
1065 1051 1157 1095 nares
1182 1027 1433 1115 prorumpentis

281 1117 477 1183 madefactus
487 1132 536 1183 est
551 1119 717 1203 profluvio.
766 1120 809 1183 Et
824 1141 896 1205 quse
911 1118 953 1183 ad
976 1118 1043 1202 ejus
1063 1116 1250 1216 obsequium
1264 1116 1432 1201 deputata

281 1218 331 1269 est
346 1205 470 1284 ancilla,
494 1206 607 1271 acriori
629 1207 767 1271 clamore
789 1207 957 1285 advocans,
976 1217 999 1246 ‘⁶
1016 1204 1264 1291 Voca,”1nquit,
1284 1214 1307 1245 “
1319 1202 1431 1267 domi-

281 1315 358 1359 num
372 1308 406 1359 at
421 1294 582 1359 dominam
597 1296 715 1361 tuam.’'
764 1294 889 1371 Quibus
904 1294 946 1359 ad
960 1316 1035 1359 aum
1048 1291 1207 1377 ingressis,
1225 1302 1248 1334 ‘⁶
1261 1292 1430 1369 Vocate‚'’

281 1380 394 1483 inquit,
413 1382 645 1447 “sacerdotem
658 1382 750 1469 hujus
765 1382 925 1467 parochiae
937 1398 971 1447 et
982 1382 1118 1469 majores
1129 1393 1207 1445 natu
1217 1379 1311 1467 hujus
1324 1378 1428 1457 villae,

281 1481 315 1535 et
329 1468 403 1557 ipsis
418 1468 552 1535 testibus
567 1471 703 1535 narrabo
725 1470 841 1535 seriem
862 1469 989 1537 visionis
1004 1471 1115 1534 meoe.''
1160 1472 1283 1533 Assunt
1300 1467 1427 1545 vocati,

280 1569 314 1623 et
329 1556 471 1623 andiunt
479 1571 661 1627 narrantem
676 1556 831 1625 mirabilia
850 1558 925 1623 Dei.
973 1558 1016 1621 Et
1029 1557 1189 1643 completa
1202 1555 1335 1621 visionis
1352 1579 1429 1619 nar-

279 1644 416 1723 ratione,
436 1646 522 1712 “De
542 1646 660 1711 Sancto
679 1646 788 1731 Rege''
804 1646 907 1733 inquit
931 1656 953 1688 ‘⁴
968 1644 1097 1712 Oswino
1119 1644 1273 1711 nonnulla
1295 1644 1429 1709 dudum

281 1732 455 1813 audieram,
472 1733 529 1799 sed
556 1734 663 1800 Sancti
687 1735 815 1823 Aydani
830 1734 971 1820 episcopi
985 1746 1080 1798 antea
1094 1755 1155 1798 nec
1169 1754 1287 1796 nomen
1303 1732 1349 1796 ad
1372 1754 1426 1797 me

278 1834 481 1907 pervenerat.
529 1822 606 1910 Ejus
621 1836 727 1889 tamen
742 1823 898 1889 beneficio
913 1836 1009 1907 caput
1025 1822 1093 1907 jam
1108 1843 1173 1886 nou
1194 1819 1300 1898 doleo,
1316 1833 1356 1885 et
1383 1820 1426 1883 de

279 1910 452 1977 tortiorum
468 1910 555 1989 cura,
571 1934 649 1998 quas
672 1911 704 1975 in
724 1925 836 1977 ventre
852 1933 924 1977 meo
946 1910 1060 1996 patior,
1077 1932 1135 1995 per
1160 1908 1298 1974 Beatum
1317 1906 1426 1973 Osvvi·

279 2020 356 2063 num
370 1999 551 2084 praestandd
565 2021 630 2065 non
645 1998 766 2077 diffido,
782 1999 838 2063 sed
856 1997 994 2086 qualiter
1008 1997 1051 2063 ad
1065 2020 1140 2063 eum
1154 1996 1339 2082 perveniam
1357 2018 1425 2061 non

279 2085 385 2150 video.
434 2086 506 2171 Ego
520 2086 605 2153 enim
626 2087 725 2171 pedes
747 2086 795 2153 ira
817 2109 882 2152 non
900 2087 1002 2165 valeo,
1018 2100 1053 2151 et
1068 2084 1327 2172 vehiculumque
1343 2106 1424 2151 con-

279 2173 379 2239 ducar
401 2196 465 2237 non
488 2173 621 2239 habeo.'’
669 2174 811 2239 Audiens
834 2176 905 2239 baec
926 2174 1039 2261 aliquis
1061 2174 1103 2238 de
1124 2172 1422 2248 circumstantibus,

281 2270 304 2303 ‘⁶
320 2260 391 2349 Ego
407 2263 469 2338 te,’'
485 2260 598 2361 inquit,
617 2271 775 2327 “mecum
798 2263 895 2347 gratis
917 2263 950 2326 in
972 2261 1117 2327 navicula
1130 2263 1202 2325 med
1216 2260 1364 2327 deferam
1379 2259 1423 2325 ad

281 2348 435 2415 Sanctum
454 2349 646 2415 Oswrnun1.’'
695 2350 760 2425 Qui
775 2352 889 2416 eadem
912 2351 973 2428 die,
990 2349 1024 2415 id
1038 2364 1087 2414 est
1102 2349 1240 2413 secunda
1253 2348 1345 2429 feriri,
1363 2371 1423 2412 na-

279 2435 436 2521 vigantes,
453 2436 585 2503 veniunt
602 2437 874 2525 Tynernudtham,
890 2438 942 2502 die
959 2452 1078 2503 sanctae
1094 2435 1301 2501 Inventionis.
1352 2436 1422 2501 Sed

278 2523 357 2591 hort
371 2526 435 2613 quit
448 2526 562 2593 fratres
574 2526 606 2593 in
621 2526 760 2612 capitulo
775 2527 968 2605 residebant,
980 2526 1023 2591 ad
1038 2526 1182 2591 tumbam
1199 2524 1309 2589 Sancti
1327 2524 1421 2591 Mar-

279 2612 358 2698 tyris
379 2614 578 2698 perveniunt,
596 2614 650 2679 ubi
674 2628 842 2702 postquam
852 2615 971 2681 diutius
986 2628 1020 2679 et
1035 2613 1182 2679 devotius
1197 2631 1346 2678 oraverat
1361 2612 1420 2699 qui

278 2700 445 2785 languidus
469 2702 652 2781 advenerat,
676 2703 763 2767 velut
787 2703 878 2770 siccis
899 2703 932 2765 in
953 2726 994 2768 eo
1016 2701 1185 2767 confractis
1206 2700 1419 2767 arundinibus

278 2803 391 2857 ventre
410 2791 478 2875 ejus
493 2790 653 2879 fragorem
677 2792 819 2855 crebrius
832 2790 1011 2869 emittente,
1035 2789 1077 2855 ad
1099 2789 1291 2855 audientiam
1313 2810 1419 2876 usque

277 2877 508 2943 circumstantis
531 2879 645 2956 turbae,
662 2890 727 2943 tam
751 2878 964 2945 ministromm
987 2875 1141 2956 ecclesia,
1165 2900 1261 2965 quam
1279 2877 1418 2943 aliormn

277 2966 333 3054 qni
347 2965 404 3031 illo
418 2965 521 3051 gratiis
535 2966 682 3031 solemnis
697 2966 762 3033 diei
777 2980 1000 3045 convenerant,
1016 2966 1125 3051 fragor
1138 2965 1192 3031 ille
1207 2978 1256 3029 est
1270 2965 1416 3043 diffusus,

276 3053 366 3141 quod
381 3077 490 3120 eorum
507 3054 539 3117 in
554 3054 763 3121 admiratione
777 3055 985 3122 convertitur.
1033 3054 1099 3119 Sed
1117 3054 1201 3118 inter
1218 3052 1304 3118 mille
1319 3075 1416 3119 sanus

278 3140 423 3219 exiliens,
440 3141 518 3228 quid
540 3142 687 3226 strepitus
703 3144 793 3230 quasi
814 3142 975 3209 aridorum
997 3142 1155 3228 lignorum
1178 3143 1203 3206 si
1248 3140 1415 3217 dicaverit,

278 3229 474 3315 proclamare
497 3229 593 3314 coepit
615 3229 734 3295 dicens.
781 3240 804 3272 “
818 3231 902 3295 Ecce
917 3231 983 3295 Dei
998 3246 1030 3296 et
1053 3230 1160 3296 Sancti
1177 3165 1329 3317 linityris
1345 3231 1416 3315 ejus

277 3317 390 3403 gratid,
406 3317 448 3383 ad
464 3316 619 3402 integram
634 3317 802 3383 sanitatem
818 3318 907 3383 tanti
921 3318 1084 3385 alacritate
1099 3317 1264 3384 restitutus
1279 3340 1360 3396 sum,
1379 3329 1415 3384 ut

279 3406 422 3473 videatur
436 3404 514 3471 mihi
528 3406 616 3492 quod
630 3405 747 3491 possim
762 3407 899 3473 volare.''
946 3407 989 3473 Et
1012 3407 1077 3492 ipse
1093 3418 1166 3492 post
1181 3407 1349 3471 sanitatem
1362 3429 1416 3469 re·

275 3508 414 3581 ceptam,
431 3494 516 3580 apud
542 3495 694 3561 Sanctum
711 3495 873 3561 Andream
895 3494 956 3559 iter
978 3518 1070 3559 suum
1085 3517 1158 3560 cum
1172 3495 1287 3578 magnii
1300 3493 1416 3560 latitia

274 3584 384 3649 statim
398 3583 548 3667 suscepit.
595 3583 676 3649 Haec
691 3582 768 3651 mihi
783 3583 932 3648 scribenti
950 3597 1158 3647 narraverunt
1177 3582 1274 3669 aliqui
1289 3582 1330 3646 de
1345 3603 1415 3646 mo·

278 3672 385 3740 uachis
405 3671 514 3739 Sancti
532 3670 664 3749 Osvini,
680 3672 735 3759 qui
750 3672 784 3735 id
798 3685 989 3757 acceperunt
1004 3672 1045 3737 ab
1057 3671 1104 3735 his
1120 3671 1174 3758 qui
1189 3669 1413 3738 interfuerunt.

277 3938 377 4004 CAP.
395 3936 733 4015 XXXIL-Qnaliter
747 3937 910 4001 monachus
924 3940 1059 4019 qnidam,
1072 3957 1131 4019 per
1146 3938 1277 4001 Librum
1295 3935 1372 4001 Vin
1385 3943 1415 4000 ci

363 4027 581 4091 miraculorum
606 4025 680 4105 ains,
704 4027 888 4106 lippitudine
913 4028 1055 4089 similiter
1085 4034 1116 4088 et
1139 4026 1240 4089 dolore
1260 4026 1414 4087 aialim

274 4160 276 4165 -
363 4115 544 4195 aliquandiu
555 4134 648 4195 usqne
658 4114 703 4175 ad
715 4117 860 4181 cacitatis
870 4116 1033 4178 discrimen
1047 4123 1183 4189 madius,
1201 4114 1413 4193 plenissimam

364 4204 523 4267 sancitatem
538 4204 656 4282 recepit.

325 4376 509 4453 Gervasius,
533 4376 694 4462 quondam
717 4376 815 4440 abbas
845 4374 1125 4454 Westmonasterii,
1149 4375 1316 4440 memorati
1343 4373 1412 4437 Ste-

277 4466 373 4554 phani
399 4464 481 4556 regis
509 4465 634 4550 Angliae
662 4463 755 4541 filius,
779 4477 922 4560 tempore
945 4463 1196 4552 quadragesimae
1222 4477 1258 4532 ut
1284 4460 1411 4532 liberius
