3142 5159
507 382 645 437 saucrl
672 381 909 436 curarum.

129 848 254 929 [CAP.
275 845 377 909 XXV
376 845 443 924 IL]
492 846 597 922 Quare
617 848 772 997 argalipgert
784 867 845 909 arna
864 848 985 908 intrant
1007 849 1164 910 ecclesiam
1188 848 1283 911 Beati

654 943 688 996 ut
727 955 759 997 er
772 938 794 997 i.
1152 943 1160 951 '

175 1158 305 1222 Interea
320 1154 455 1241 contigit
469 1154 555 1239 quod
573 1154 639 1217 filia
665 1155 764 1237 Regis
790 1154 965 1239 provinciae
992 1156 1088 1234 illius,
1120 1161 1153 1222 in
1184 1162 1282 1227 domo

130 1248 233 1331 patris
249 1243 429 1307 adulterata
439 1242 479 1305 ab
490 1242 597 1326 aliquo
602 1242 733 1325 juvene,
746 1244 941 1327 conciperet,
957 1260 1128 1333 uterusque
1141 1249 1210 1333 ejus
1223 1251 1281 1312 im-

132 1330 296 1419 pregando
312 1333 549 1393 intumesceret.
577 1328 697 1405 'Quod
712 1351 780 1407 rex,
801 1345 834 1393 ut
857 1330 1023 1414 comperit,
1053 1349 1085 1395 et
1114 1335 1281 1402 sollicitius

132 1418 278 1485 facinoris
295 1429 457 1481 auctorem
475 1416 672 1503 perquisivit,
684 1430 716 1479 et
726 1418 911 1504 diligentius
928 1418 1132 1501 investigans,
1150 1424 1225 1487 talia
1240 1408 1281 1490 ab

132 1506 187 1572 illa
202 1506 360 1591 percepit.
406 1503 540 1569 Juvenis
557 1505 610 1568 ille
627 1504 796 1581 solitarius,
813 1508 869 1592 qui
890 1504 923 1569 in
949 1505 1055 1569 vicino
1072 1502 1204 1588 habitat,
1230 1537 1282 1577 me

133 1620 174 1683 op
199 1594 297 1670 ressit,
316 1607 351 1661 et.
372 1616 429 1657 sua
459 1592 661 1678 speciositate
691 1594 855 1656 seductam
882 1594 1017 1676 decepit.
1070 1594 1164 1660 Tunc
1195 1600 1279 1679 Rex,

132 1620 355 1771 indignatione
368 1681 466 1744 nimia
480 1681 684 1756 furibunduS,
701 1680 841 1765 plurimo
857 1684 1057 1765 constipatus
1074 1702 1180 1749 mente
1179 1688 1280 1835 (pltat

134 1782 287 1836 unacum
300 1766 885 1853 filiacorruptaadsolitudinumloca
916 1770 1047 1845 arrexit,
1061 1784 1093 1833 et
1105 1768 1177 1835 itaa
1216 1797 1282 1839 ser-

134 1870 210 1923 v'um
227 1856 292 1922 Dei
302 1879 436 1920 exorsus
449 1856 541 1923 dixit.
591 1852 716 1919 “Tune
732 1879 777 1932 es,
791 1857 847 1941 qui
859 1791 917 1919 sub
931 1856 1037 1941 specie
1053 1857 1201 1944 religiosa
1219 1861 1281 1925 Dei

134 1945 257 2030 templa
280 1943 512 2030 prophanando
535 1944 650 2045 polluis
674 1958 706 2007 et
731 1942 938 2007 sanctuaria?
985 1942 1036 2006 Tu
1062 1940 1121 2007 sub
1144 1963 1283 2014 scemate

136 2031 269 2099 solitarii
285 2054 411 2096 omnem
438 2032 625 2117 spurcitiam
650 2054 778 2095 exerces
803 2031 908 2095 cultus
924 2030 1081 2095 immundi
1097 2046 1129 2096 et
1143 2034 1283 2107 incesti?

141 2120 227 2185 Ecce
247 2120 299 2183 hic
318 2121 385 2183 filia
401 2144 480 2196 mea,
505 2142 601 2205 quarn
625 2118 688 2182 tuis
704 2118 850 2182 ludibriis
866 2120 1035 2203 corrupisti
1063 2135 1095 2184 et
1110 2122 1284 2188 adulterari

140 2232 207 2273 non
223 2208 365 2274 timuisti.
414 2206 510 2271 Nunc
527 2224 633 2270 tumen
650 2206 752 2290 palam
770 2206 816 2270 tui
831 2207 957 2271 sceleris
973 2230 1090 2270 noxam
1107 2214 1283 2294 aperiendo

135 2300 299 2372 confitere,
317 2307 349 2357 et
366 2296 528 2382 quomodo
545 2294 627 2357 hanc
652 2294 817 2357 seduxeris
840 2318 948 2357 eoram
965 2298 1087 2359 cunctis
1114 2293 1284 2364 edissere.”

137 2381 251 2450 Puella
265 2384 373 2471 igitur,
391 2382 506 2447 auditis
524 2382 623 2444 verbis
639 2382 748 2467 patriS,
767 2383 960 2465 pertinacius
990 2382 1114 2468 irrupit,
1145 2403 1178 2450 et
1207 2410 1283 2452 con-

136 2470 270 2537 stantius
294 2470 398 2555 ipsum
422 2469 482 2533 hoc
498 2460 618 2532 lacinus
635 2470 666 2531 in
691 2492 760 2531 eam
785 2470 981 2533 commisisse
1006 2474 1218 2537 contestando
1233 2498 1282 2538 as·

136 2558 247 2625 seruit.
281 2558 419 2621 Miratus
430 2556 557 2642 juvenis
574 2571 606 2619 et
622 2556 868 2640 obstupefactus,
886 2571 1068 2620 commenta
1084 2559 1155 2622 haec
1170 2562 1283 2625 diabo-

136 2650 198 2712 lica
213 2668 280 2709 esse
296 2644 462 2731 persensit,
481 2643 653 2729 plurimum
671 2644 832 2719 anxiatus,
856 2659 890 2707 et
905 2644 944 2707 ad
964 2644 1071 2707 Deum
1098 2658 1165 2710 tota
1180 2665 1288 2715 mente

136 2758 309 2799 conversus
334 2732 424 2797 dixit.
471 2730 663 2795 “Dominus
689 2732 789 2808 Deus,
818 2732 872 2818 qui
904 2732 992 2795 solus
1020 2733 1218 2806 occultorum
1240 2739 1288 2805 es't

137 2820 287 2907 cognitor
302 2835 333 2883 et
350 2832 498 2897 assertor,
516 2818 584 2904 ipse
601 2819 753 2904 hocopus
767 2820 940 2906 iniquitatis
957 2820 1190 2886 manifestando
1201 2828 1288 2889 c'om-

135 2910 263 2995 probet,
299 2924 332 2973 et
358 2907 600 2994 comprobando
625 2907 812 2975 manifestet.
862 2909 925 2972 Sed
953 2930 1058 2992 neque
1085 2907 1118 2971 id
1145 2906 1287 2976 humano

131 2997 257 3081 judicio
284 2996 525 3081 comprobando
552 2994 709 3071 notificet,
727 2992 782 3057 sed
806 2994 916 3058 divino
939 2995 971 3056 id
995 2993 1102 3079 potius
1132 2996 1286 3065 miraculo

137 3084 312 3148 revelando
335 3067 507 3150 declaret.’'
555 3084 639 3147 Cum
657 3082 727 3146 haec
743 3084 791 3145 vir
808 3082 910 3145 verbis
925 3083 1147 3165 gemebundus
1163 3101 1196 3148 et
1212 3111 1283 3172 pro-

136 3173 227 3237 fusus
245 3170 380 3235 lacrimis
396 3185 583 3255 perorasset,
609 3172 695 3256 quod
720 3170 842 3234 dictum
872 3185 921 3233 est
952 3165 1103 3247 mirabile,
1120 3171 1225 3238 subito
1251 3178 1285 3239 in

137 3261 210 3324 loco
226 3283 290 3347 quo
307 3260 377 3345 ipsa
392 3258 479 3322 stetit
495 3272 579 3322 terra
594 3259 748 3337 deiscens,
766 3283 802 3321 os
818 3282 911 3322 suum
927 3260 1062 3343 aperuit,
1088 3273 1120 3322 et
1136 3260 1167 3325 in
1186 3264 1286 3329 oculis

138 3348 283 3412 omniiim
300 3347 400 3431 ipsam
417 3346 621 3410 absorbendo
637 3346 820 3433 deglutivit.
869 3344 977 3411 Locus
993 3337 1046 3409 ille
1063 3343 1170 3411 adbuc
1189 3352 1288 3414 Corr-

138 3458 200 3499 uen
219 3435 344 3511 dicitur,
377 3433 431 3498 ubi
456 3434 522 3517 ipsa
542 3457 598 3517 pro
615 3434 826 3517 corruptionis
842 3457 909 3498 suae
939 3432 1032 3496 ruina
1063 3433 1093 3493 in
1125 3433 1285 3501 infernum

136 3516 261 3587 cecidit.
310 3522 391 3586 Haec
407 3521 504 3623 igitur
516 3539 608 3605 pater
623 3520 736 3604 puellae
753 3544 825 3584 cum
852 3520 1058 3583 multitudine
1081 3542 1140 3584 sua
1162 3526 1287 3611 perspi.

138 3610 223 3674 ciens
245 3610 326 3689 fieri,
347 3622 446 3695 coepit
463 3608 554 3671 nimis
571 3608 692 3671 timoris
716 3622 748 3672 et
778 3607 898 3672 doloris
926 3603 1060 3682 stimulis
1085 3607 1281 3697 detorqueri.

139 3698 292 3762 Timebat
309 3698 440 3785 quidem
456 3697 590 3759 nimium
607 3696 694 3783 quod
710 3712 854 3761 sanctum
867 3694 1014 3763 convitiis
1031 3697 1219 3780 impetisset,
1245 3724 1285 3767 ne

138 3808 172 3849 se
184 3786 355 3849 consimilis
372 3785 514 3849 vindicta
529 3783 716 3869 corriperet.
764 3785 862 3850 Unde
886 3784 953 3869 ipse
969 3806 1041 3847 cum
1057 3782 1120 3846 suis
1136 3788 1285 3854 omnibus

137 3873 324 3957 suppliciter
360 3873 424 3937 Dei
460 3870 710 3935 misericordiam
741 3872 960 3958 postulabant,
993 3889 1025 3934 et
1055 3870 1153 3955 ipsius
1183 3875 1286 3942 sancti

138 3962 300 4025 orationes
311 3984 380 4025 eam
390 3960 449 4024 sibi
462 3962 548 4045 apud
564 3958 741 4023 Dominum
754 3956 902 4045 optinere
914 3955 1117 4023 devotissime
1132 3961 1285 4047 deposce-

138 4049 226 4111 bant.
274 4048 402 4124 Quibus
426 4045 479 4112 ille
500 4048 672 4135 benignius
688 4046 830 4124 indulsit,
858 4049 914 4111 sed
932 4046 1071 4121 mulieris
1087 4054 1286 4116 consortium

137 4136 223 4199 circa
244 4158 277 4200 se
294 4136 427 4200 ulterius
443 4158 508 4199 non
529 4135 666 4203 admisit.
715 4137 798 4199 Inde
816 4135 914 4219 igitur
928 4136 1077 4219 provenit
1093 4138 1180 4222 quod
1196 4162 1285 4204 suam

137 4222 305 4287 ecclesiam
320 4224 453 4288 feminas
469 4226 589 4288 intrare
602 4246 666 4286 non
683 4225 838 4307 permisit,
856 4226 941 4311 quod
958 4223 1113 4287 hactenus
1129 4225 1159 4287 in
1183 4226 1288 4311 patria

140 4310 306 4379 Pictorum
333 4311 434 4377 artius
450 4311 649 4393 observatur,
674 4311 868 4401 ubicumque
896 4310 996 4399 ipsius
1019 4311 1135 4378 honori
1151 4312 1287 4381 eeclesia
