3142 5159
613 466 806 523 ambuans
831 466 884 519 DE
909 464 1016 519 OBTU

684 928 803 1019 [cna
828 925 942 1015 Vlla]

287 1182 357 1249 Enl
373 1183 531 1269 inquiens,
547 1179 667 1265 regina,
679 1180 747 1265 jam
759 1177 823 1243 tuis
835 1176 937 1263 culpis
950 1177 1221 1263 promerentibus,
1238 1200 1302 1265 ego
1318 1198 1398 1242 con·

241 1274 331 1337 susus
358 1292 516 1356 appareo;
540 1270 593 1356 qui
618 1270 652 1331 in
671 1267 768 1332 domo
792 1266 958 1355 religionis
979 1265 1147 1351 prostibuli
1170 1266 1284 1330 vitium
1308 1289 1398 1331 nurrc

243 1361 364 1425 diutius
379 1358 508 1422 latuisse
523 1378 694 1441 cognosco
741 1354 844 1419 Ortus
865 1376 968 1438 nuper
991 1354 1074 1417 enim
1102 1354 1277 1419 multorum
1293 1354 1397 1418 oculis

242 1446 407 1532 expositus
423 1447 545 1509 indicat
559 1466 654 1531 quam
677 1441 856 1507 facinorose
885 1442 961 1506 vitae
986 1458 1051 1507 tuae
1075 1444 1281 1507 conversacio
1308 1443 1396 1507 coin-

267 1534 376 1598 uinata
391 1533 517 1599 existat.
565 1533 649 1597 Nam
673 1532 787 1596 domus
803 1531 874 1595 haec
898 1530 1034 1594 Domini
1056 1544 1165 1595 sancta
1179 1532 1305 1616 polluta
1320 1553 1398 1616 pro-

244 1560 384 1699 iimatur,
410 1645 482 1710 quae
506 1620 585 1686 tanti
603 1621 731 1685 sceleris
747 1620 896 1709 contagio
912 1618 1100 1683 maculatur.
1149 1620 1309 1705 Sponsam
1326 1621 1399 1706 qui-

245 1712 319 1776 dem
344 1710 465 1775 Christi
489 1710 702 1773 adulteratam
727 1708 881 1773 castitatis
906 1708 1011 1770 cubile
1034 1707 1170 1771 liedasse
1187 1710 1257 1794 jam
1273 1707 1399 1772 cunctis

246 1800 396 1875 innotuit,
422 1798 498 1863 dum
514 1810 624 1883 partus
639 1799 723 1861 inter
738 1796 877 1884 virgines
898 1798 1047 1879 innuptas
1063 1809 1164 1861 tantae
1179 1794 1400 1881 corruptionis

246 1888 400 1953 occultari
416 1911 482 1951 non
497 1887 614 1972 potuit.
666 1884 763 1949 Unde
778 1886 820 1948 de
836 1898 926 1949 tanto
940 1883 1083 1946 facinore
1094 1885 1163 1968 jam
1179 1886 1257 1948 mihi
1273 1887 1321 1948 rei
1345 1907 1401 1946 ve·

246 1976 375 2040 ritatem
391 1975 542 2051 edissere,
567 1976 643 2061 quia
656 1972 798 2038 secunda
817 1986 864 2038 est
891 1971 999 2037 tabula
1014 1984 1086 2055 post
1101 1974 1225 2059 lapsum
1242 1995 1300 2059 per
1323 1994 1403 2037 con-

248 2064 417 2128 fessionem
434 2062 599 2147 poenitere.

708 2400 825 2480 [cna
849 2399 930 2487 rx]

297 2654 391 2719 Tunc
420 2652 542 2737 regina,
568 2650 722 2736 Episcopi
751 2648 1005 2738 indignationem
1039 2674 1105 2715 non
1137 2651 1306 2730 sustinens,
1332 2675 1403 2717 om-

248 2745 304 2808 nia
318 2741 458 2805 seriatim
474 2740 638 2824 exposuit3
662 2752 707 2815 et,
731 2738 867 2825 qualiter
891 2762 910 2802 a
936 2738 1005 2802 filio
1032 2762 1090 2805 suo
1116 2763 1192 2827 rege
1215 2740 1286 2805 haec
1311 2742 1404 2825 virgo

247 2829 294 2896 illi
310 2830 492 2894 transmissa
507 2840 538 2891 et
561 2825 730 2891 commissa
750 2824 872 2906 fuisset,
897 2825 1010 2891 edixit.
1059 2829 1202 2894 Audiens
1215 2852 1291 2893 vero
1310 2828 1404 2914 Epis·

251 2941 350 3005 copus
373 2931 499 2995 cuncta,
524 2938 597 3002 quae
620 2914 831 3001 contigerant,
847 2916 947 2999 coepit
963 2917 1071 2981 animo
1086 2917 1229 3001 pacatior
1252 2920 1402 2996 existere,

250 3020 282 3072 et
306 3004 502 3071 mansuetius
525 3002 733 3089 postmodum
758 3017 874 3069 caetera
898 3003 1064 3069 sustinere.
1111 3004 1217 3082 Nunc,
1242 3004 1402 3093 inquiens,

251 3094 327 3181 quia
350 3092 413 3161 Dei
441 3093 610 3157 clementia
632 3091 763 3155 domum
788 3093 881 3157 istam
913 3093 1113 3177 impollutam
1148 3091 1331 3171 custodivit,
1357 3093 1403 3157 illi

250 3182 382 3247 laudum
412 3178 576 3265 praeconia
605 3178 791 3243 referamus,
849 3180 1074 3245 Indubitanter
1103 3203 1181 3269 ergo
1213 3179 1403 3266 Episcopus

251 3280 461 3357 percunctato
483 3265 623 3349 negotio,
637 3266 678 3329 de
695 3288 759 3351 qno
775 3268 805 3329 ei
820 3267 975 3331 hactenus
991 3281 1140 3355 suspecta
1154 3270 1266 3353 opinio
1282 3270 1402 3348 extitit,

250 3356 349 3421 nichil
364 3355 527 3421 sinistrum
543 3353 677 3417 ulterius
692 3354 891 3419 credendum
898 3356 1065 3441 judicavit.
1116 3355 1200 3421 Nam
1224 3371 1259 3421 et
1279 3359 1403 3442 reginae

251 3442 456 3511 clementiam
478 3441 511 3505 in
527 3441 643 3527 puellae
659 3443 877 3527 compassione
892 3442 1041 3509 laudibus
1066 3445 1207 3523 sustulit,
1225 3459 1258 3509 et
1271 3444 1404 3530 virginis

251 3556 412 3621 oppressae
429 3533 645 3596 innocentiam
670 3532 722 3616 pia
746 3531 1008 3597 consideracione
1034 3534 1211 3621 mitigando
1238 3533 1403 3599 relevavit.

255 3623 355 3689 Unde
365 3620 509 3707 reginam
522 3618 689 3685 blandiciis
698 3620 853 3701 delinivit,
867 3634 899 3685 et
907 3621 1055 3686 convitiis
1066 3635 1290 3707 exasperatam
1303 3621 1405 3687 dulci-

251 3713 312 3777 bus
327 3709 474 3797 alloquiis
489 3708 689 3774 consolando
703 3708 850 3773 refovere
873 3731 939 3772 non
952 3709 1085 3777 destitit.
1135 3711 1310 3795 Puerperoe
1325 3734 1405 3775 vero

251 3801 402 3864 innocuae
417 3797 622 3862 conscientiae
638 3796 792 3873 miserias
802 3811 958 3883 quantum
972 3798 1089 3884 potuit,
1102 3799 1313 3884 temperavit3
1336 3821 1405 3862 sus-

252 3900 445 3973 ceptumque
459 3886 574 3971 pignus
590 3897 699 3949 natum
713 3907 822 3950 secum
837 3886 964 3950 sustulit
973 3910 983 3963 ;
1000 3901 1032 3952 et
1043 3886 1281 3975 quiainfantem
1296 3888 1405 3973 ipsum

253 3974 394 4039 maxime
410 3972 592 4059 opimorum
607 3995 736 4037 suorum
760 3996 803 4037 ex
818 3975 974 4040 miraculo
989 3976 1202 4041 choruscante
1218 3976 1403 4054 didiscerat,

255 4061 449 4129 omnimodis
465 4062 511 4125 illi
538 4061 684 4127 omnibns
700 4061 936 4151 diligentiorem
960 4088 1071 4129 curam
1095 4079 1129 4130 et
1150 4065 1330 4129 custodiam
1345 4065 1405 4129 ed-

253 4152 358 4217 hiberi
388 4150 534 4217 faciebat.
582 4150 652 4216 Nec
682 4151 784 4216 multo
810 4166 893 4237 post,
926 4176 1064 4239 puerum
1094 4153 1182 4217 unda
1204 4152 1406 4239 baptismatis

254 4238 407 4328 perfudit,
431 4238 483 4303 cni
499 4238 530 4301 in
546 4261 637 4303 sacro
652 4240 741 4304 fonte
766 4239 944 4307 Hibernico
960 4264 1107 4306 sermone
1125 4242 1272 4308 Mullucc
1287 4264 1406 4307 nomen

254 4331 418 4417 imposuit,
435 4328 478 4393 ad
493 4326 704 4418 ultimumque
715 4328 880 4395 literarum
903 4330 1015 4395 studiis
1029 4330 1106 4395 fecit
1120 4329 1246 4397 institui
1252 4356 1262 4409 3
1286 4342 1319 4397 et
1330 4328 1407 4418 quia

255 4420 290 4485 in
316 4419 464 4487 omnibns
486 4415 593 4503 ipsum
620 4416 701 4484 vidit
723 4416 790 4484 Dei
811 4419 982 4487 clementia
1005 4418 1146 4501 effulsiri,
1170 4420 1275 4509 ipsum
1307 4440 1407 4507 super
