3142 5159
569 447 918 505 nnors‘onntoauu
1264 440 1317 525 57

162 614 400 680 vinculatorum
422 612 590 679 amissione
613 628 857 702 conquerentes,
878 618 1001 682 viarum
1024 617 1139 697 exitus,
1156 628 1193 685 nt
1208 633 1241 688 et
1255 623 1317 711 ipsi

162 701 310 782 vidimus,
335 702 541 779 obsederunt,
567 704 671 767 minus
687 728 782 791 quam
805 706 942 770 decebat
957 707 1027 792 paci
1048 708 1203 795 Martyris
1227 711 1316 780 defe-

164 804 284 871 rentes,
302 804 338 855 nt
354 804 388 855 et
403 814 458 855 eos
474 806 636 874 caperent,
650 791 676 855 si
699 794 782 857 forte
799 793 858 857 sibi
874 794 951 878 sugit
972 797 1140 861 consulere
1155 796 1316 864 decrevis-

165 895 250 945 sent.
297 880 362 946 Sed
393 879 469 966 quia
495 902 559 941 non
584 893 634 944 est
655 880 822 945 consilium
848 898 961 945 contra
988 883 1176 962 Dominum,
1205 910 1316 952 omnes

166 981 267 1033 noctu
295 970 443 1033 exierunt
467 990 546 1031 nnus
569 981 643 1054 post
658 968 765 1047 alium,
784 984 817 1034 et
839 993 904 1033 non
922 984 989 1034 erat
1005 971 1060 1057 qui
1082 959 1314 1057 ‹ingnosceret3

166 1069 201 1121 et
226 1056 372 1121 abierunt
388 1056 467 1119 alius
484 1055 516 1118 in
533 1055 640 1119 villam
665 1080 765 1134 snam,
783 1057 864 1121 alius
888 1059 929 1121 ad
945 1058 1198 1146 negotiationem
1214 1085 1317 1127 suam.
1397 1067 1399 1070 ’
1446 1142 1449 1150 Ι

173 1146 248 1220 Quo
272 1159 439 1229 conperto,
465 1144 545 1227 regii
567 1145 717 1208 satellites
734 1158 767 1207 et
790 1146 925 1209 ministri
947 1146 1162 1232 percutientes
1185 1164 1318 1234 pectora

153 1257 228 1301 ,sna
242 1233 497 1298 revertebantur.
548 1232 623 1295 Hoc
640 1246 673 1297 et
696 1232 755 1317 ipsi
771 1236 944 1320 ascripsere
968 1234 1132 1313 iniracu10,
1150 1250 1183 1301 et
1201 1238 1316 1302 dantes

168 1322 325 1385 honorem
340 1320 426 1397 Deo,
439 1319 629 1407 veniamque
650 1344 709 1405 pro
722 1321 810 1385 illata
819 1324 892 1407 paci
904 1322 1057 1407 Martyris
1080 1325 1196 1407 injuriis
1207 1339 1318 1409 postu·

168 1411 280 1487 lantes,
308 1431 418 1471 omnes
442 1407 483 1470 ad
504 1408 635 1492 propria
650 1423 842 1477 remearunt.
892 1411 975 1475 Sunt
1003 1422 1111 1475 autem
1128 1408 1319 1501 multa'quae

169 1498 343 1584 plurimum
360 1493 450 1559 nobis
467 1510 639 1580 operantur
662 1497 703 1559 ad
718 1497 918 1574 miraculum,
937 1497 1012 1584 quia
1026 1499 1186 1583 probabili
1203 1503 1320 1566 verita-

170 1585 211 1650 tis
228 1596 418 1668 argumento
439 1582 595 1661 nituntur,
612 1596 648 1646 nt
664 1583 785 1650 scilicet
807 1597 908 1649 status
925 1585 1078 1670 temporis
1094 1599 1126 1651 et
1149 1587 1228 1653 situs
1243 1589 1318 1665 loci,
1376 1628 1378 1636 x

170 1674 341 1738 difficultas
351 1671 483 1748 itineris,
498 1670 574 1735 ferri
584 1672 723 1755 pondus,
738 1672 825 1735 celer
835 1674 968 1736 ell'ectus
978 1675 1112 1756 negotii,
1129 1698 1202 1761 quae
1213 1677 1322 1741 omnia

171 1762 198 1825 si
214 1762 324 1825 divino
350 1762 524 1824 caruissent
540 1758 670 1837 arixilio,
687 1782 739 1823 res
762 1760 944 1825 nullatenus
960 1762 1058 1824 talem
1080 1764 1203 1827 exitum
1219 1788 1321 1829 mere-
1387 1809 1390 1814 -

170 1865 272 1914 retur.
318 1850 398 1913 Erat
421 1846 505 1912 enim
536 1862 664 1933 tempus
688 1847 834 1913 autumni
849 1848 1036 1933 placidum,
1063 1852 1207 1937 aerisque
1229 1865 1322 1937 grata

171 1938 353 2022 temperies,
371 1952 404 2001 et
420 1936 504 1999 lunae
520 1935 673 2022 splendor
687 1936 814 2014 nimius,
832 1938 1036 2023 agebantque
1052 1938 1180 2024 plurimi
1196 1939 1321 2028 vigilias

171 2028 276 2090 noctis
292 2048 390 2111 super
405 2024 513 2107 fruges
529 2047 620 2100 suas;
644 2028 778 2089 carceris
795 2024 884 2089 locus
897 2024 928 2087 in
945 2024 1116 2090 eminentia
1132 2026 1215 2091 villae
1231 2028 1321 2106 situs,

172 2137 230 2179 sex
253 2114 272 2176 ὲ
289 2112 518 2199 Tynemudthb
541 2112 663 2176 distans
675 2112 826 2191 millibus,
844 2116 931 2178 vicus
947 2136 1012 2199 quo
1028 2114 1205 2179 tendebant
1221 2115 1240 2179 a
1254 2138 1323 2180 car-

173 2225 248 2268 cere
263 2202 347 2266 saxis
375 2200 625 2286 prominentibus
649 2214 682 2265 et
696 2215 860 2286 petrarum
883 2200 1024 2287 inequali
1039 2202 1196 2268 densitate
1212 2204 1326 2267 confu-

174 2314 238 2367 sus,
255 2289 377 2353 debiles
391 2288 486 2353 etiam
503 2288 563 2373 ipsi
578 2288 758 2373 gradientes
774 2304 808 2353 et
823 2291 933 2355 ferreis
944 2290 1050 2353 onusti
1063 2291 1206 2367 vinculis,
1217 2291 1323 2355 exitus

175 2379 259 2444 villae
275 2378 401 2463 aparte
421 2378 476 2440 illa
491 2378 721 2462 circumseptus
734 2378 874 2465 undique
887 2378 1037 2441 domibus
1050 2378 1241 2443 incolarum!
1280 2380 1325 2443 Et

174 2479 283 2533 tamen
299 2468 332 2529 ln
348 2466 396 2528 his
412 2465 558 2529 omnibns
582 2488 641 2529 nec
658 2467 716 2529 visi
732 2479 806 2529 sunt
821 2465 980 2552 aliquibus
997 2487 1056 2528 nec
1072 2466 1191 2543 auditi3
1216 2466 1323 2530 sedet

174 2556 263 2643 quod
278 2554 365 2619 dictu
377 2553 492 2617 mirum
505 2565 563 2630 est,
583 2575 639 2617 nec
656 2576 728 2617 curn
746 2553 827 2617 tanti
843 2566 949 2617 essent
972 2552 1083 2616 saltem
1100 2552 1261 2618 acanibus
1277 2553 1325 2617 in-

174 2642 285 2719 secuti,
300 2656 335 2707 ut
350 2642 459 2727 aperte
482 2644 614 2706 daretur
630 2641 775 2725 intelligi,
793 2642 881 2728 quod
897 2642 1014 2704 ductor
1026 2663 1136 2704 eorum
1149 2641 1322 2717 Dominus,

175 2732 217 2798 ad
232 2731 360 2795 laudem
376 2731 424 2793 sui
442 2727 596 2814 Martyris
612 2730 825 2794 absconderet
835 2752 890 2793 eos
906 2728 942 2791 in·
953 2728 1144 2793 abscondito
1154 2729 1325 2794 facieisuae

175 2819 468 2895 aconturbatione,
500 2840 561 2882 nec
588 2817 692 2881 solum
716 2818 884 2882 hominum
914 2816 1093 2881 sedetiam
1119 2817 1324 2892 animalium3

176 2910 320 2993 sciatque
335 2908 500 2996 generatio
524 2905 624 2970 altera
639 2906 714 2991 quia
729 2906 795 2990 ipse
819 2919 868 2970 est
884 2905 975 2969 Dens
991 2905 1076 2968 solus
1091 2905 1327 2970 faciensmira·

177 2996 262 3073 bilia,
285 2996 340 3081 qui
366 2998 500 3061 Sanctos
527 3017 602 3058 suos
632 2994 820 3059 mirabiliter
843 2993 877 3057 in
894 2992 960 3055 vitai
985 2992 1167 3073 glorificat3
1191 3004 1225 3056 et
1250 2995 1326 3083 post

177 3086 347 3152 transitum
363 3085 477 3160 carnis,
495 3081 539 3145 sic
555 3106 609 3147 eos
625 3081 733 3147 vivere
749 3081 908 3146 miraculis
923 3082 1105 3149 innotescit.

181 3350 279 3420 cAP.
305 3348 534 3413 XLIIL-De
557 3349 683 3411 muliere
712 3347 869 3411 contractui
887 3366 948 3427 per
967 3349 1217 3430 quinquennium,
1243 3354 1272 3409 et
1294 3349 1329 3410 in

307 3438 475 3522 preasentid
488 3437 595 3500 Sancti
611 3433 770 3517 Martyris
777 3455 837 3515 per
851 3436 917 3515 ejus
927 3439 1038 3498 merita
1053 3436 1195 3500 liberata.

226 3615 302 3681 Fuit
318 3614 351 3677 in
373 3612 448 3675 villa
463 3611 503 3675 de
521 3608 751 3695 Tynemudthi
763 3607 875 3672 mulier
890 3608 1051 3695 quaedam,
1077 3606 1170 3671 Aldit
1185 3608 1327 3687 nomine,

181 3729 238 3792 per
250 3702 439 3769 continuum
456 3699 553 3763 ferme
569 3696 820 3785 quinquennium
838 3696 911 3760 totis
925 3707 1092 3760 contracta
1106 3695 1210 3757 nervis
1224 3720 1233 3772 3
1257 3721 1331 3783 quae

180 3796 268 3859 lecto
284 3792 492 3866 decumbens,
505 3786 624 3871 pedum
634 3785 759 3870 penitus
769 3786 899 3849 carebat
915 3783 1037 3848 officio:
1055 3794 1088 3846 et
1103 3784 1135 3846 in
1146 3784 1331 3848 infirmitate

181 3881 297 3967 posita,
316 3878 379 3942 Dei
390 3876 514 3963 jugiter
525 3891 558 3937 et
579 3873 686 3937 Sancti
712 3872 868 3958 Martyris
888 3872 1010 3938 Oswini
1034 3871 1217 3956 postulabat
1240 3871 1332 3937 auxi-

182 3971 272 4035 lium.
321 3966 407 4031 Haec
433 3964 485 4027 die
501 3963 638 4049 quidam
655 3961 697 4024 ob
721 3984 826 4024 rernm
843 3960 986 4047 inopiam
1002 3974 1036 4023 et
1058 3959 1170 4037 victis,
1185 3962 1216 4023 in
1233 3985 1267 4025 se
1283 3984 1334 4024 re-

183 4080 276 4123 versa
298 4056 339 4119 de
358 4052 467 4119 Sancti
488 4072 682 4136 praesumens
708 4051 838 4125 meritis,
867 4064 899 4114 et
924 4050 1073 4113 morbum
1097 4048 1194 4111 animi
1217 4050 1334 4114 virtute

184 4146 369 4219 devincens,
391 4140 451 4204 sibi
469 4140 528 4225 ipsi
545 4138 728 4202 violentiam
748 4137 874 4213 intulit3
898 4152 932 4201 et
948 4136 1061 4200 annisu
1078 4159 1144 4223 quo
1160 4136 1264 4220 potuit
1287 4136 1335 4198 in-

184 4237 264 4299 nixa
275 4230 402 4307 baculo,
420 4250 533 4314 repere
543 4228 650 4312 potius
661 4248 756 4313 quam
768 4225 919 4291 incedere
932 4225 1113 4291 videbatur.
1162 4222 1279 4309 Sicque
1292 4223 1335 4286 ad

189 4319 300 4387 Sancti
318 4316 474 4403 Martyris
490 4314 674 4401 properavit
690 4313 868 4392 ecclesiam,
882 4312 991 4401 ibique
1002 4313 1044 4377 de
1060 4312 1163 4375 morbi
1179 4310 1337 4374 levamine

185 4410 253 4475 Dei
266 4406 406 4563 gratiam
423 4416 456 4468 et
476 4426 573 4490 opem
591 4400 746 4490 Martyris
766 4401 905 4467 lacrimis
921 4416 955 4466 et
981 4399 1129 4487 precibus
1144 4397 1335 4482 inplorabat.

188 4496 265 4575 Quo
312 4515 385 4563 cum
399 4490 596 4579 frequentius
611 4502 732 4580 ageret,
750 4488 887 4580 contigit
908 4491 994 4556 utin
1012 4487 1096 4555 festo
1113 4484 1225 4554 Sancti
1248 4482 1338 4551 Petri

760 4592 782 4637 u

1470 414 1483 451 1
