3142 5159
279 440 328 509 38
725 460 817 509 vira
844 458 982 509 oswtnt

279 620 405 689 multa?
464 622 541 687 Sola
562 622 675 688 domus
703 644 776 711 quae
800 636 983 695 constructa
997 632 1067 685 erat
1081 620 1123 684 ad
1138 642 1230 684 usum
1245 613 1447 704 hospitum,
1523 607 1527 632 ¹

278 710 337 776 sed
353 710 422 797 jam
438 726 590 797 usurpata
607 711 651 776 ad
665 710 825 777 abusionis
840 709 990 786 officium,
1006 708 1096 797 quasi
1111 730 1167 773 rea
1180 723 1215 773 et
1230 728 1448 772 excessuum

281 798 408 863 conscia
422 798 570 864 incendio
585 799 768 887 exponitur,
794 812 828 863 et
854 798 886 863 in
909 796 1060 863 nichilum
1075 796 1239 883 redigitur.
1297 795 1352 859 Et
1369 793 1450 881 quia

282 886 351 951 visa
365 888 502 952 certiora
513 887 662 953 videntur
672 909 769 975 quam
783 886 904 965 audita,
920 899 1051 970 rogatus
1065 884 1248 949 afranium
1262 883 1354 947 haec
1371 904 1450 967 pos-
1535 923 1536 930 κ

283 976 359 1041 teris
382 975 548 1062 profutura
569 976 688 1062 scripto
713 974 914 1041 committere
935 974 1022 1060 prius
1043 995 1138 1061 quam
1159 971 1371 1061 rogantibus
1393 990 1452 1054 pa-

284 1086 401 1144 rerem,
417 1065 490 1130 veni
505 1064 547 1129 ad
568 1064 674 1129 locum
696 1062 730 1129 in
752 1086 818 1151 quo
840 1063 956 1128 domus
966 1062 1035 1146 jam
1049 1062 1215 1125 combusta
1229 1060 1298 1124 sita
1316 1056 1449 1133 fuerat,

306 1174 380 1217 uam
396 1165 430 1217 et
445 1175 507 1237 ego
522 1152 622 1217 oeulis
634 1151 788 1229 videram,
801 1150 929 1237 vidique
943 1149 1087 1213 miraculi
1098 1147 1232 1233 vestigia
1245 1144 1452 1211 manifesta.

284 1174 363 1303 lidi
375 1263 511 1327 namque
527 1238 696 1305 maceriem
712 1252 745 1305 et
759 1240 926 1303 nonnullas
940 1237 1094 1303 fenestras
1109 1236 1230 1321 ligneus
1244 1230 1451 1299 dormitorii

285 1328 390 1392 officio
413 1328 494 1417 ignis
517 1328 710 1413 denigratae,
727 1342 761 1393 et
776 1325 846 1391 loca
860 1326 1001 1411 lapidum
1017 1326 1049 1389 in
1063 1326 1199 1389 macerie
1215 1346 1342 1400 vacua,
1363 1342 1452 1408 quos

285 1414 381 1499 ignea
396 1415 442 1479 vis
457 1415 686 1480 comminuerat
709 1430 742 1481 et
765 1428 960 1480 excusserat.
1008 1414 1051 1477 Et
1066 1437 1106 1478 eo
1120 1411 1272 1477 fidentius
1288 1409 1450 1475 scribere

284 1503 481 1589 praesumpsi,
516 1503 580 1568 uod
592 1524 656 1567 nou
673 1503 812 1569 videram
824 1502 881 1567 sed
892 1502 1067 1567 &fidelibus
1082 1499 1341 1587 audieram,quo
1350 1498 1452 1583 signa

281 1588 349 1675 jam
363 1590 450 1657 dicta
464 1526 604 1656 videndo
620 1591 743 1656 auditui
758 1592 857 1656 fidem
871 1590 1021 1655 feceram.

288 1856 388 1923 cAP.
404 1858 496 1921 XXI
496 1858 736 1936 K-Quomodo
750 1860 877 1941 quidam
891 1877 960 1921 cum
973 1857 1064 1920 bobus
1078 1857 1123 1919 ad
1142 1853 1446 1937 mandripamjnac·

372 1948 660 2097 {margar-cilio
681 1950 791 2009 moade
811 1964 963 2022 corruens,
975 1964 1035 2026 ptr
1048 1941 1150 2007 eumd
1167 1944 1308 2024 periculo
1326 1940 1447 2005 mortis

333 2202 458 2269 Diebus
476 2208 544 2291 jam
570 2204 648 2270 dieti
670 2204 783 2291 prioris
810 2206 979 2284 Ruelendi,
1005 2204 1177 2270 fertilitatis
1200 2225 1330 2269 annona
1359 2202 1442 2267 leta

288 2292 397 2359 omnia
409 2293 526 2359 horrea
543 2293 652 2359 Sancti
671 2293 768 2379 Regis
784 2306 818 2358 et
835 2295 987 2382 Martyris
1004 2294 1126 2359 Oswini
1141 2294 1183 2357 de
1198 2287 1442 2379 Tynemudtbd

286 2380 477 2466 repleverat,
494 2395 527 2447 et
542 2382 647 2446 adbuc
662 2404 751 2467 seges
767 2397 896 2469 superat
911 2382 1049 2468 copiosa.
1096 2382 1221 2445 Metam
1236 2380 1350 2466 itaque
1366 2398 1437 2441 non

288 2469 447 2535 modicam
476 2482 602 2535 struunt
626 2472 685 2537 sub
709 2492 794 2550 aere,
811 2470 844 2535 in
867 2471 952 2557 rupis
974 2469 1139 2556 cujusdam
1160 2468 1334 2534 eminentia
1357 2488 1437 2554 quae

291 2556 506 2643 supereminet
521 2582 671 2625 occeano.
734 2558 784 2625 Ut
800 2560 895 2623 moris
911 2571 960 2623 est
974 2558 1157 2643 provinciae,
1174 2556 1256 2622 servi
1271 2555 1436 2629 ecclesiae,

292 2664 372 2731 quos
388 2646 518 2711 Bundos
534 2660 649 2711 vocant
663 2647 934 2735 lingudmaternb,
949 2647 990 2711 de
1000 2650 1073 2733 jure
1089 2645 1193 2731 operis
1202 2644 1261 2709 sibi
1276 2640 1435 2729 impositi,

292 2754 451 2798 annonam
473 2734 505 2798 in
527 2735 673 2819 plaustris
696 2735 758 2798 suis
773 2735 815 2798 ad
829 2747 968 2819 coeptam
982 2748 1101 2798 metam
1116 2734 1290 2811 advebunt,
1308 2746 1342 2797 et
1359 2750 1437 2795 eam
1467 2774 1472 2779 -

293 2820 327 2885 in
352 2821 442 2887 brevi
466 2844 509 2887 ex
532 2822 642 2887 messis
673 2822 778 2887 allatae
805 2822 999 2888 abundantia
1028 2822 1192 2911 insurgere
1221 2820 1435 2906 compellunt.

296 2906 387 2975 Inter
399 2934 478 3011 quos
488 2910 615 2976 nomine
625 2932 704 2975 unus
721 2911 920 2989 Edmundus,
932 2911 1009 2975 dum
1023 2910 1129 2995 bigam
1146 2932 1236 2973 suam
1250 2928 1435 2974 exonerare
1535 2907 1537 2950 ἰ

294 2998 462 3063 officiosius
476 2999 614 3077 festinat,
630 3001 728 3065 boves
741 3000 874 3087 inquieti
888 3012 976 3064 retro
990 3022 1064 3063 casu
1079 2998 1219 3085 quodam
1232 2998 1431 3082 gradientes,

294 3084 396 3169 ipsam
418 3085 525 3171 bigam
548 3087 691 3171 frugibus
714 3103 871 3165 onustam,
888 3111 962 3152 curn
978 3087 1048 3171 ipso
1066 3086 1238 3150 Edmundo
1251 3083 1434 3171 praecipitio
1535 3109 1536 3140 1

294 3172 463 3237 dederunt.
517 3174 581 3247 Qui
604 3198 638 3238 se
661 3174 770 3237 mortis
795 3174 905 3239 videns
927 3174 1099 3239 discrimini
1121 3173 1314 3259 expositum,
1342 3169 1432 3238 omni

293 3280 350 3345 spe
366 3260 505 3324 vadendi
527 3261 684 3346 depositis,
706 3262 858 3326 Sanctum
877 3262 1040 3327 Oswinum
1063 3263 1114 3349 ad.
1127 3284 1220 3325 suum
1234 3261 1433 3346 adjutorium

293 3368 374 3413 voce
395 3347 581 3414 lacrimabili
603 3350 759 3429 invitavit,
784 3363 817 3414 et
840 3351 941 3415 omnis
956 3351 1075 3416 familia
1089 3372 1162 3437 quae
1177 3365 1242 3415 tarn
1257 3346 1432 3427 miserabili
1531 3411 1533 3432 ,

294 3436 475 3523 spectaculo
490 3436 644 3503 interfuit.
690 3437 777 3502 Mira
791 3461 853 3503 res.
901 3438 978 3503 Ruit
992 3439 1033 3503 de
1049 3460 1128 3524 rupe
1142 3438 1315 3524 pendente,
1332 3430 1366 3502 ὀὶ
1389 3433 1433 3501 ad
1533 3433 1534 3450 ¹

296 3546 374 3590 saxa
395 3526 532 3605 collisus,
554 3538 587 3591 et
609 3526 698 3613 quasi
717 3528 850 3592 cerebro
864 3550 998 3591 excusso
1013 3526 1099 3612 prius
1114 3539 1257 3591 mortuus
1278 3548 1373 3613 quam
1389 3522 1433 3589 ad

295 3613 360 3676 ima
375 3613 509 3691 delatus
527 3637 586 3679 nec
602 3615 668 3700 ipse
684 3638 744 3679 nec
758 3616 857 3680 boves
881 3614 939 3699 ipsi
961 3615 1124 3679 laesionem
1138 3614 1236 3679 ullam
1251 3624 1432 3680 senserunt.

299 3700 446 3765 Accurrit
465 3702 603 3766 attonita
617 3703 830 3788 spectantium
844 3705 959 3779 turba3
980 3716 1013 3767 et
1032 3702 1246 3781 Edmundum,
1264 3723 1359 3790 quem
1373 3720 1433 3767 ex·

296 3788 415 3873 pirasse
430 3789 645 3868 crediderunt,
662 3790 771 3854 famuli
786 3805 823 3854 ut
845 3791 887 3853 ad
908 3791 1125 3875 sepeliendum
1141 3791 1302 3856 deferrent
1317 3810 1432 3875 prope-

298 3888 460 3939 raverunt.
508 3878 651 3941 Veniunt
666 3879 708 3942 ad
723 3878 787 3943 ima
800 3878 979 3964 praecipitii,
995 3891 1029 3944 et
1045 3879 1268 3944 AEdmundum
1284 3892 1317 3944 et
1332 3879 1431 3943 boses
1533 3939 1534 3946 ,

295 3964 364 4049 ejus
379 3963 543 4028 inveniunt
558 3966 678 4053 absque
700 3966 765 4031 ulla
786 3968 1001 4032 membrorum
1015 3966 1230 4032 confractione
1245 3967 1430 4032 incolumes.

297 4051 462 4116 Attollunt
489 4075 583 4117 voces
607 4074 673 4139 prae
696 4053 809 4120 laetitiis
823 4057 864 4120 ad
880 4058 997 4141 sydera
1011 4068 1044 4120 et
1063 4056 1151 4142 quasi
1163 4055 1322 4120 redivivos
1336 4056 1431 4118 redu-

296 4152 373 4202 cunt
388 4140 429 4204 ad
444 4140 617 4225 superiora,
630 4141 694 4207 Dei
704 4142 740 4209 ‘et
756 4144 864 4210 Sancti
878 4144 1030 4233 Martyris
1041 4144 1252 4230 praedicantes
1261 4167 1318 4230 per
1329 4156 1429 4208 totam

296 4226 443 4294 viciniam
458 4230 625 4319 magnalia.
