3142 5159
284 449 334 523 eu
730 473 825 523 vrra
853 434 993 523 oswim

282 720 383 785 CAP.
408 720 589 786 XIL-Dc
614 722 714 787 arbitri
737 723 920 803 acritudine
942 722 1104 803 cafardam
1121 723 1257 805 famuli,
1282 744 1383 807 quma
1407 746 1459 789 ex

361 812 600 959 marmiano
618 817 788 883 merueram
803 810 1034 892 qualueraoec
1050 811 1185 896 pergine
1204 815 1454 875 maritataru-

331 1066 386 1131 Est
401 1066 499 1133 etiam
517 1066 605 1133 aliud
619 1066 779 1132 laudabile
800 1066 999 1147 miraculum,
1021 1067 1111 1155 quod
1125 1068 1242 1135 eodem
1255 1068 1443 1148 referente,

280 1152 312 1217 in
332 1176 398 1241 quo
421 1154 472 1219 vel
493 1153 534 1219 de
555 1177 620 1241 quo
644 1168 722 1217 tune
738 1176 797 1239 per
815 1154 954 1235 Beatum
972 1154 1098 1239 Regem
1116 1168 1150 1219 et
1163 1155 1353 1240 Martyrem
1375 1157 1446 1221 Os-

280 1240 397 1306 winum
407 1242 596 1317 factumest,
608 1263 720 1305 verum
731 1263 801 1305 esse
813 1239 958 1305 dicimus.
985 1241 1120 1307 Postera
1131 1263 1269 1329 namque
1277 1242 1444 1307 festivita-

279 1326 320 1391 tis
336 1326 551 1393 translationis
563 1327 627 1403 die,
642 1326 807 1391 venientes
819 1326 885 1392 duo
896 1327 1008 1392 famuli
1020 1328 1062 1392 ad
1073 1328 1180 1393 locum
1191 1327 1248 1393 ubi
1257 1328 1290 1390 iu
1301 1329 1441 1416 antiqua

284 1414 421 1485 Sanetus
436 1427 624 1499 pausaverat
640 1412 807 1479 ecclesiola
821 1412 863 1477 de
877 1414 1117 1500 Tyuemudtha,
1128 1415 1265 1500 jubente
1276 1415 1390 1479 edituo
1402 1431 1439 1480 et

279 1513 485 1585 cooperante,
499 1498 653 1586 quasdam
669 1499 790 1584 ligneas
802 1500 966 1565 columnas
980 1517 1148 1586 asportare
1166 1501 1341 1579 debebant,
1382 1526 1437 1566 uae

278 1587 436 1673 preciosae
449 1586 632 1675 margaritae
643 1585 737 1650 dulce
753 1585 879 1672 pondus
894 1600 1162 1653 sustentaverant.
1195 1589 1343 1675 Cumque
1354 1526 1437 1653 lira-

280 1686 331 1739 ter
354 1674 406 1739 ille
429 1687 462 1738 et
485 1674 636 1749 famulus,
661 1672 716 1760 qui
739 1688 817 1739 natu
832 1675 935 1759 major
955 1696 1024 1739 esse
1044 1673 1224 1751 videbatur,
1244 1675 1435 1760 suppliciter

280 1760 435 1839 orassent,
457 1760 606 1847 quatinus
622 1760 655 1824 id
678 1782 698 1825 o
721 1759 782 1823 eris
805 1759 900 1847 digne
915 1770 950 1825 et
965 1761 1085 1847 absque
1107 1759 1224 1825 laboris
1242 1765 1432 1845 gravamine

321 1848 433 1913 rlieere
452 1861 593 1934 possent,
617 1782 797 1922 accedunt3
821 1868 927 1931 genua
948 1846 1126 1925 flectentes,
1149 1861 1184 1911 et
1224 1871 1261 1912 ro
1279 1849 1430 1934 Martyre

279 1868 352 2001 idco
367 1934 426 2021 ipsi
442 1934 655 1999 reverentiam
670 1932 871 1999 exhibentes.
912 1932 1006 1998 Alter
1021 1956 1098 1997 vero
1113 1933 1178 1997 farn
1213 1958 1249 1997 us
1261 1935 1434 1999 indiscrete

280 2043 389 2105 agens,
407 2035 444 2086 ut
459 2022 576 2087 assolet
592 2020 646 2084 illa
660 2032 750 2097 aetas,
767 2018 940 2084 eratenim
952 2019 1073 2105 junior,
1091 2021 1363 2106 quemadmodum
1376 2022 1435 2086 alii

280 2107 434 2185 fecerant,
452 2107 630 2192 supplicare
645 2129 682 2170 ac
703 2105 867 2169 humiliter
881 2129 937 2170 eos
958 2107 1151 2190 coadjuvare
1166 2108 1322 2195 neglexit.
1368 2112 1435 2173 Ar-

280 2206 375 2277 repto
391 2193 497 2279 itaque
513 2192 599 2277 ligno
619 2205 777 2342 terraeqpe
793 2192 887 2257 altius
903 2192 1032 2270 infosso,
1052 2214 1247 2278 praesumens
1262 2195 1304 2258 de
1320 2196 1433 2283 vigore

280 2302 340 2365 pro
364 2280 411 2343 rio
427 2279 637 2343 irreverenter
650 2278 727 2361 joca
749 2292 833 2356 atur,
850 2291 884 2343 et
899 2280 975 2343 satis
990 2279 1146 2344 incassum
1161 2281 1348 2345 abstrahere
1363 2282 1433 2345 luc-

281 2302 381 2431 tando
408 2366 596 2431 conabatur.
647 2364 717 2429 Nec
741 2388 852 2429 mora:
876 2365 1133 2451 praesumptionis
1156 2390 1223 2431 suoe
1245 2368 1432 2453 percellitur

281 2454 387 2539 poenb,
409 2452 513 2517 subitd
533 2452 618 2517 enim
639 2450 815 2516 valitudine
838 2464 955 2530 tactus,
977 2452 1097 2515 corruit
1118 2453 1150 2515 in
1173 2467 1302 2531 terram,
1319 2454 1431 2519 diceus

280 2562 314 2605 se
337 2539 378 2605 ad
401 2553 538 2605 mortem
562 2538 724 2617 infirmari,
750 2561 809 2603 nec
827 2539 897 2622 jam
918 2539 1052 2624 amplius
1074 2562 1168 2624 posse
1191 2541 1329 2625 operari.
1385 2542 1430 2605 Et

280 2626 420 2693 adiciens
439 2626 616 2691 astantibus
631 2625 729 2712 loqui,
746 2635 768 2670 “
780 2625 928 2703 merit0‚”
944 2626 1057 2711 inquit,
1077 2626 1165 2689 “hoc
1180 2627 1296 2712 patior,
1314 2640 1427 2713 utpote

280 2726 494 2799 praesumptor
516 2713 661 2789 insulsus,
687 2712 874 2797 nullumque
894 2712 1014 2775 Sancto
1035 2712 1175 2798 Martyri
1196 2714 1355 2778 honorem
1372 2716 1428 2779 de·

280 2800 396 2865 ferens.
446 2799 543 2864 Unde
564 2800 612 2875 fit,
629 2812 665 2862 ut
686 2811 837 2883 tanquam
859 2798 975 2863 malleo
993 2799 1133 2864 frontem
1155 2822 1323 2885 percussus
1342 2802 1427 2865 dca-

280 2886 346 2973 pite
373 2907 473 2973 usque
496 2885 538 2951 ad
560 2883 670 2985 pedes,
696 2897 802 2949 totum
826 2906 940 2970 corpus
963 2884 1148 2951 miserabilis
1175 2887 1313 2952 doleam.
1362 2889 1426 2953 Sed

281 2986 371 3039 orate
395 2995 505 3061 quoeso
531 2971 620 3049 mrhi,
646 2971 859 3057 supplicantes
883 2970 958 3035 Deo
984 2986 1018 3035 et
1049 2973 1168 3037 Sancto
1195 2974 1335 3059 Martyri
1358 2976 1424 3058 ejus

284 3060 424 3137 Oswino,
440 3074 477 3125 ut
492 3058 682 3145 insipientiae
697 3081 778 3123 meae
790 3058 894 3135 venia,
911 3072 945 3123 et
960 3058 1086 3142 corpori
1110 3060 1226 3125 sanitas
1240 3061 1425 3125 tribuatur.'’

283 3146 447 3212 Fratribus
466 3147 573 3232 itaque
592 3166 651 3229 pro
672 3167 712 3208 eo
729 3144 838 3209 Deum
862 3158 895 3209 et
917 3145 1090 3229 gloriosum
1114 3147 1294 3233 Martyrem
1314 3149 1426 3232 depre-

248 3272 253 3281 .
280 3232 436 3309 cantibus,
453 3232 550 3295 homo
563 3231 615 3294 ille
631 3242 766 3315 paterno
775 3244 938 3295 correctus
949 3232 1077 3316 flagello
1092 3255 1166 3297 cum
1177 3234 1314 3299 lacrimis
1326 3235 1425 3320 posui-

280 3332 361 3393 tens,
379 3318 447 3403 ipsa
464 3318 516 3382 die
538 3330 666 3381 sanatus
685 3329 745 3394 est,
766 3330 799 3381 et
820 3338 892 3382 curn
915 3318 984 3383 aliis
1005 3341 1141 3404 operans
1156 3343 1237 3405 opus
1252 3324 1424 3407 incoeptum

279 3405 428 3471 alacriter
443 3404 564 3489 exegit.

280 3672 380 3737 CAP.
397 3671 702 3750 mlh-Quomodo
722 3672 864 3752 qaedam
874 3672 1001 3750 femina
1016 3670 1165 3733 Drmelmr¹
1177 3674 1280 3751 offirm
1293 3676 1421 3737 maiam

365 3761 564 3822 asembrorum
587 3760 701 3820 decha
718 3760 824 3836 partis
840 3776 901 3836 per
914 3777 982 3819 eum
996 3761 1151 3839 receperat,
1167 3780 1237 3841 quae
1250 3781 1288 3823 ec
1304 3764 1421 3823 diurne

364 3847 544 3929 infirmitate
553 3848 647 3925 prius
661 3846 817 3905 amiserat.

327 4017 482 4105 Sequenti
498 4039 574 4081 vero
594 4036 688 4092 anno,
704 4014 853 4101 quaedam
876 4013 1004 4093 femina,
1021 4038 1094 4102 quae
1121 4017 1154 4081 in
1177 4019 1331 4083 Dunelmi
1348 4019 1418 4083 civi·

279 4118 345 4170 tate
360 4105 469 4169 multis
484 4126 640 4168 annorum
656 4101 819 4166 curriculis
835 4101 998 4179 mansisse,
1015 4116 1048 4166 et
1064 4104 1105 4167 ab
1121 4106 1264 4169 omnium
1278 4107 1417 4171 dexterae

277 4195 377 4278 partis
399 4192 615 4256 membrorum
639 4188 744 4253 officio
767 4187 954 4252 destitutam
977 4188 1073 4253 fuisse
1096 4191 1285 4270 dinoscitur,
1302 4194 1417 4257 meritis

283 4280 392 4345 Sancti
418 4278 516 4363 Regis
532 4290 564 4343 et
583 4276 737 4362 Martyris
763 4274 883 4341 Oswini
903 4277 944 4340 ab
959 4276 1146 4343 infirmitate
1165 4280 1222 4342 sua
1236 4280 1294 4344 tali
1309 4281 1417 4345 ordine

277 4368 412 4433 liberata
431 4380 489 4432 est.
538 4365 631 4429 Licet
650 4364 737 4428 enim
756 4363 866 4427 oculos
882 4362 958 4426 satis
975 4375 1107 4447 vegetos
1122 4388 1160 4429 ac
1175 4365 1259 4431 clar&
1276 4368 1416 4432 videntes

277 4456 397 4520 habere
412 4455 583 4532 videretur,
596 4451 687 4517 unius
701 4463 808 4517 tamen
818 4448 937 4513 lumine
950 4450 1080 4514 omnino
1091 4451 1225 4536 privata,
1236 4454 1335 4519 nichil
1347 4454 1415 4520 iude
