3142 5159
258 469 304 537 10
703 483 797 533 vira
825 483 966 533 oswrur

251 645 387 711 domum
399 646 434 710 ln
446 646 510 733 qud
526 657 715 709 moreretur.
765 646 902 711 Constat
912 644 1009 730 igitur
1020 644 1096 731 quis
1110 665 1169 729 pro
1179 644 1244 709 suis
1260 646 1411 732 exemplo

256 732 389 799 Domini
410 734 513 798 libens
535 744 671 798 mortem
686 730 842 807 subierit3
865 754 939 796 cum
958 744 1049 817 patet
1063 732 1139 819 quia
1153 732 1235 797 sicut
1252 732 1410 799 Dominus

250 821 312 885 sud
326 834 441 906 sponte
455 822 563 885 locum
577 817 730 904 passionis
742 818 869 884 adierit.
911 819 977 883 Sed
991 818 1054 884 heu
1067 841 1223 905 nusquam
1235 834 1307 886 tuta
1316 822 1410 887 fides.

256 906 357 973 Nulla
368 908 467 993 pestis
477 906 637 971 efficacior
648 919 698 970 est
709 907 752 970 ad
763 906 956 984 nocendum,
970 928 1067 993 quarn
1079 903 1240 970 familiaris
1254 906 1409 973 inimicus.

256 994 458 1059 Hunwaldus
473 994 558 1080 regis
574 993 717 1057 inimicus
738 1005 818 1071 erat,
835 993 893 1057 sed
908 1016 1017 1078 regem
1032 992 1165 1057 latebat.
1212 994 1363 1082 Dumque
1379 996 1410 1059 ei

252 1104 314 1145 rex
326 1095 487 1148 secretum
497 1104 590 1145 suum
602 1080 835 1158 committebat,
848 1080 903 1144 ille
915 1079 1130 1165 proditionem
1140 1079 1173 1143 in
1182 1083 1289 1145 animo
1303 1082 1411 1147 volve-

252 1168 321 1234 bat.
372 1169 406 1234 Si
421 1171 537 1257 quaeris
553 1167 737 1233 inimicandi
753 1190 892 1245 causam,
909 1190 975 1232 non
990 1181 1083 1232 extat
1098 1166 1161 1232 alia
1174 1167 1234 1231 nisi
1248 1192 1329 1253 pura
1342 1191 1410 1234 ura·

252 1256 332 1321 litia.
380 1256 464 1321 Nam
481 1280 556 1338 eum
571 1278 631 1320 rex
646 1256 678 1319 in
694 1254 783 1319 nullo
800 1276 940 1341 unquam
954 1254 1146 1331 offenderat,
1162 1255 1221 1319 sed
1236 1269 1272 1319 ut
1287 1254 1409 1320 dictum

250 1356 313 1421 est,
326 1343 577 1429 possessionibus
589 1341 808 1428 ampliaverat.
846 1340 917 1405 Nec
926 1340 1055 1405 aliunde
1065 1343 1132 1427 ejus
1143 1341 1222 1407 iram
1234 1357 1408 1421 meruerat,

253 1430 316 1495 nisi
331 1431 419 1518 quod
431 1430 606 1495 honoribus
618 1429 847 1495 cumulaverat.
888 1428 1088 1493 Hunwaldus
1100 1430 1208 1516 itaque
1221 1430 1312 1517 quasi
1323 1430 1409 1515 pacis

254 1516 389 1596 filius,in
398 1516 556 1583 interioris
566 1515 733 1581 diversorii
745 1514 889 1579 conclavi
898 1516 1051 1579 Sanctum
1060 1515 1407 1600 Regemintroducens,

253 1604 405 1691 pacisque
431 1593 636 1669 securitatem
660 1603 861 1689 promittens,
886 1602 986 1689 quieti
1009 1625 1044 1666 se
1067 1616 1178 1687 aptare
1201 1604 1409 1669 commonuit.

257 1690 302 1755 Et
314 1714 354 1755 ne
362 1692 430 1777 ipse
442 1691 619 1777 quiescenti
630 1691 783 1755 tumultus
793 1691 897 1767 fieret,
908 1690 941 1754 in
953 1689 1048 1755 aliam
1057 1713 1091 1753 se
1104 1690 1262 1754 officinam
1272 1691 1408 1776 recepit:

251 1791 288 1843 et
311 1779 400 1843 velut
422 1778 584 1864 inopinate
606 1778 757 1843 thesauro
779 1776 912 1842 invento
935 1776 1123 1862 tripudians,
1147 1800 1247 1841 morae
1266 1778 1409 1841 nesciens

257 1865 478 1931 Berniciorum
493 1888 604 1950 regem
620 1865 710 1943 adiit,
732 1864 856 1951 ipsique
876 1863 1041 1928 dominum
1059 1886 1152 1928 suum
1173 1865 1325 1929 Sanctum
1344 1864 1411 1929 Re-

250 1976 327 2037 gem
346 1954 512 2018 Oswinum
526 1953 679 2039 prodidit.
730 1952 760 2016 O
775 1952 868 2015 dolus
885 1964 918 2015 et
934 1949 1092 2037 nequitia!
1118 1951 1150 2015 Ο
1165 1951 1296 2016 alterius
1312 1951 1409 2017 Judoe

252 2040 408 2124 perfidial
435 2041 511 2105 Pius
531 2063 670 2127 namque
686 2061 745 2104 rex
761 2038 893 2102 domum
904 2037 1087 2111 ·I·lunwaldi
1101 2038 1302 2103 confidenter
1317 2038 1407 2116 adiit,

249 2139 288 2190 et
303 2150 377 2191 eum
396 2126 608 2213 nequissimus
628 2127 742 2211 hospes
762 2124 1010 2188 interimendum
1029 2124 1213 2189 adversario
1231 2126 1410 2190 sceleratis-

250 2213 333 2279 sime
356 2214 500 2278 tradidit.
550 2212 639 2286 Quid
661 2214 738 2277 facis
763 2211 949 2276 Hunwalde
964 2211 1110 2296 proditor
1124 2211 1291 2296 maligne?
1316 2212 1410 2276 Nun-

250 2300 333 2387 quid
349 2300 456 2365 Deum
468 2322 531 2365 non
545 2300 650 2377 times,
665 2322 723 2364 uec
736 2298 880 2386 homines
889 2300 1072 2363 revereris?
1097 2298 1264 2385 Numquid
1276 2299 1302 2363 si
1316 2299 1408 2364 Deus

252 2386 356 2451 filium
378 2409 471 2451 suum
487 2387 578 2472 prodi
597 2386 750 2471 permisit,
768 2385 909 2470 proditio
924 2384 954 2449 ei
970 2385 1118 2470 placuit?
1143 2385 1261 2451 Nonne
1277 2386 1407 2450 traden-

250 2474 314 2537 dus
335 2473 482 2538 traditori
505 2473 676 2559 praedixit3
702 2483 724 2514 ‘⁶
739 2473 800 2536 Vae
823 2471 944 2536 homiui
965 2495 1022 2557 per
1044 2495 1141 2558 quem
1163 2472 1247 2537 lilius
1268 2472 1405 2537 hominis

252 2561 399 2625 tradetur
408 2563 444 2626 P’'
472 2561 569 2636 Quod
588 2560 654 2625 sive
672 2560 852 2649 gehennale
871 2582 936 2623 non
954 2560 1104 2638 attendis,
1121 2560 1170 2623 vel
1186 2560 1355 2625 attendere
1371 2573 1405 2624 te

249 2648 442 2726 dissimulas,
459 2648 592 2713 attende
604 2649 716 2713 saltem
727 2646 815 2735 quod
831 2646 863 2709 in
878 2646 977 2712 oculis
989 2646 1154 2710 hominum
1164 2647 1208 2710 nil
1219 2646 1405 2732 proditione

249 2735 294 2798 sit
310 2734 476 2819 abjectius,
499 2735 542 2799 nil
555 2734 724 2817 infestius,
742 2734 786 2797 nil
806 2733 980 2798 scelestius.
1028 2732 1175 2798 Proditio
1190 2735 1292 2797 scelus
1307 2734 1406 2797 scele-

251 2844 337 2898 rum,
361 2821 482 2885 crimen
505 2821 691 2897 criminum3
713 2820 794 2904 legis
818 2819 1036 2904 transgressio,
1055 2821 1137 2904 juris
1159 2820 1326 2897 confusi03
1349 2845 1407 2885 ne·

249 2908 365 2995 quitiae
387 2908 552 2993 professio,
578 2908 709 2975 malitiae
728 2906 930 2991 protestatio.
978 2905 1134 2985 Proditio,
1156 2931 1207 2972 res
1246 2908 1335 2973 ratiae
1351 2932 1407 2972 ne·

248 2996 330 3073 ¹sciat,
356 3008 421 3059 tam
436 2996 506 3080 ejus
522 2996 574 3061 cui
594 2996 643 3073 fit,
661 3017 756 3081 quam
772 2995 841 3079 ejus
857 2995 891 3057 in
909 3016 1006 3081 quem
1022 2995 1070 3073 fit,
1087 2994 1172 3059 tollit
1190 2934 1405 3059 diliectionem.

255 3082 357 3157 Quod
371 3083 397 3146 si
413 3083 588 3147 communis
603 3082 743 3167 proditio
759 3082 831 3147 talis
846 3093 907 3158 est,
923 3080 1044 3145 domini
1058 3082 1201 3167 proditio
1215 3082 1317 3169 qualis
1333 3083 1407 3146 est?

259 3170 292 3234 Si
316 3170 418 3233 scelus
441 3170 598 3233 scelerum
620 3182 679 3247 est,
701 3169 823 3232 socium
846 3168 895 3232 vel
912 3167 1051 3232 vicinum
1069 3169 1219 3253 prodere,
1241 3169 1406 3233 dominum

253 3256 392 3341 prodere
414 3268 568 3341 quantum
585 3256 687 3319 scelus
706 3258 780 3321 est?
804 3255 877 3319 Janr
894 3254 974 3319 tanti
990 3256 1116 3322 sceleris
1131 3256 1324 3335 immanitas,
1341 3278 1407 3320 ser·

253 3343 357 3407 monis
378 3342 508 3407 excedit
529 3341 702 3425 angustias.
747 3343 820 3405 Janr
842 3365 946 3405 sermo
967 3366 1030 3405 non
1051 3344 1204 3427 explicat,
1229 3343 1316 3430 quod
1333 3365 1406 3406 usus

255 3429 392 3514 ignorat.
442 3429 540 3503 Quod
563 3430 589 3492 si
611 3429 861 3492 emolumentum
882 3450 925 3491 ex
946 3430 1128 3513 proditione
1151 3443 1316 3515 expectas,
1340 3453 1405 3493 non

250 3529 429 3601 comparet.
478 3516 511 3580 Si
535 3516 622 3580 enim
643 3516 751 3601 prodis
775 3528 812 3580 ut
834 3516 982 3593 ditescas,
1007 3517 1126 3582 fraudis
1150 3531 1216 3586 tuae
1230 3516 1407 3601 muscipula

249 3604 395 3689 caperis3
416 3603 492 3689 quia
509 3625 670 3689 nunquam
689 3616 721 3667 te
742 3602 841 3667 tantis
861 3603 1038 3667 cumulabit
1051 3603 1225 3669 honoribus
1239 3604 1339 3668 hostis
1355 3603 1407 3667 cui

251 3691 364 3768 tradis,
382 3690 508 3778 quantis
521 3692 591 3774 jam
611 3689 786 3754 cumulavit
807 3689 955 3753 dominus
976 3714 1073 3777 quem
1089 3691 1200 3755 tradis.
1249 3691 1283 3761 Si
1298 3690 1405 3776 prodis

253 3791 292 3843 ut
306 3779 443 3863 placeas,
459 3777 596 3853 falleris3
612 3777 688 3862 quia
702 3776 842 3861 proditio
857 3777 989 3841 facitne
1005 3778 1064 3863 ipsi
1078 3778 1216 3863 placeas,
1233 3778 1285 3841 cui
1300 3778 1406 3863 placet

254 3864 394 3949 proditio
415 3876 482 3928 tua.
530 3864 654 3928 Vitium
669 3863 858 3948 proditionis
873 3886 939 3927 non
954 3864 1070 3950 placet,
1087 3888 1147 3930 nec
1162 3864 1344 3950 proditione
1359 3863 1407 3927 vi-

253 3951 354 4015 tiosus
369 3952 486 4036 placet,
500 3950 551 4014 cui
567 3963 675 4015 tamen
691 3963 779 4014 actus
795 3950 984 4035 proditionis
999 3951 1114 4036 placet.
1155 3952 1225 4016 Nec
1235 3965 1284 4016 est
1298 3952 1331 4014 in
1346 3951 1405 4015 hac

253 4062 291 4103 re
313 4038 364 4102 cui
387 4038 487 4125 magis
507 4060 633 4115 noceas,
650 4059 746 4122 quam
768 4037 826 4101 tibi
847 4036 917 4122 ipsi,
939 4038 994 4124 qui
1009 4038 1141 4103 malitiae
1156 4038 1260 4102 insitae
1275 4038 1406 4102 stimulo

254 4125 363 4210 prodis
385 4124 613 4202 innocentiam,
641 4139 675 4187 et
697 4146 756 4209 per
779 4124 889 4189 mortis
912 4125 1146 4210 intempestivae
1169 4125 1404 4210 compendium,

251 4212 385 4278 domino
404 4211 473 4300 regi
494 4212 652 4275 acceleras
673 4212 818 4297 martyrii
838 4212 984 4297 gloriam,
1007 4226 1040 4276 et
1058 4212 1151 4277 nobis
1166 4213 1235 4296 ejus
1250 4210 1406 4299 obsequio

251 4298 440 4385 mancipatis
467 4299 607 4383 corporis
631 4301 699 4384 ejus
726 4298 900 4383 gratiosam
921 4300 1136 4384 praesentiam.
1184 4299 1407 4364 Berniciorum

251 4385 361 4474 itaque
385 4409 444 4450 rex
468 4385 604 4449 crudelis
628 4385 670 4449 ad
695 4387 828 4450 verbum
857 4386 1046 4470 proditionis
1069 4387 1230 4465 exultans,
1254 4399 1288 4451 et
1312 4384 1406 4449 labiis

250 4475 450 4559 proditorem
477 4473 699 4539 Hunwaldum
720 4474 892 4551 honorans,
921 4472 1124 4559 intempestae
1150 4474 1253 4540 noctis
1271 4472 1406 4539 ¹silentio
