3142 5159
237 403 287 485 64
610 410 801 473 traantur
828 419 879 470 ne
907 406 1011 472 onru

238 588 402 659 codicibus
418 588 560 673 legerat3
584 598 722 651 matrem
737 607 815 649 vero
829 583 916 648 illius
936 583 1089 648 Sabinam
1103 581 1202 647 fuisse
1217 595 1365 649 vocatam
1379 604 1389 660 ς

239 703 323 769 quae,
348 699 410 764 pro
434 674 610 741 sanctitatis
641 696 708 738 suae
732 672 889 760 religione
913 683 945 736 et
967 668 1115 735 miranda
1130 672 1388 751 conversatione,

237 789 326 834 nuno
342 766 375 829 in
390 778 477 831 terra
490 764 547 829 illa
561 764 594 827 in
609 763 751 827 maxima
766 761 907 825 habetur
921 759 1140 836 veneratione,
1153 776 1186 823 et
1200 781 1301 845 penes
1316 758 1391 824 illos
1482 788 1487 797 ·

237 854 323 920 inter
338 852 456 917 electos
472 852 542 917 Dei
553 864 701 935 reputata
709 860 970 914 connumeratur.
1017 847 1117 914 Unde
1132 860 1165 911 et
1180 869 1279 911 sacrae
1291 846 1392 932 ipsius

238 940 382 1029 reliquiae
399 955 431 1005 et
445 938 524 1005 locis
540 937 767 1004 sacratioribus
781 951 984 1022 reponuntur
999 934 1156 1011 ecclesiae,
1171 936 1393 1023 memoriaque

239 1029 326 1095 illius
342 1051 451 1092 annua
467 1025 523 1092 ubi
539 1025 675 1114 quiescit
689 1025 824 1089 celebris
847 1024 995 1089 habetur.
1043 1023 1128 1101 Alia,
1146 1045 1236 1101 vero,
1253 1046 1327 1111 quae
1350 1023 1393 1088 de

239 1117 316 1203 ipsis
336 1115 456 1193 retulit,
470 1115 506 1194 in
526 1114 604 1179 locis
631 1114 784 1199 hystoriae
807 1110 1067 1198 competentibus
1083 1110 1291 1188 inseruimus3
1316 1112 1394 1199 quia

240 1228 308 1270 non
324 1204 477 1269 convenit
492 1216 528 1267 ut
550 1204 582 1265 in
599 1200 852 1286 praefaciuncula
866 1198 960 1264 nimis
976 1200 1072 1262 simus
1088 1198 1193 1274 effusi,
1209 1201 1241 1263 in
1256 1198 1394 1264 historia

240 1316 320 1358 vero
342 1290 504 1357 succincti.
569 1290 613 1354 At
634 1302 740 1353 tamen
756 1300 951 1373 protestatus
966 1300 1014 1351 est
1030 1288 1118 1373 quod
1133 1301 1244 1366 mater,
1261 1286 1394 1351 dimisso

241 1382 276 1444 in
299 1380 419 1445 finibus
446 1378 630 1441 Scottorum
653 1398 765 1461 puero,
782 1377 970 1459 repatriavit
977 1399 986 1452 3
1010 1388 1043 1439 et
1057 1374 1103 1439 ibi
1118 1376 1152 1438 in
1168 1376 1304 1440 ecclesia
1318 1376 1394 1439 reli·

266 1468 332 1531 iose
357 1482 544 1530 conversata
566 1486 663 1549 penes
689 1472 742 1527 e'os
770 1464 829 1527 sub
845 1463 958 1528 habitu
974 1465 1077 1527 sancti
1094 1462 1250 1527 Monialis
1265 1464 1392 1531 obierit.

241 1492 324 1620 i'ost
339 1557 428 1639 cujus
444 1552 632 1617 relationem
649 1567 681 1615 et
696 1550 830 1614 aliorum
849 1550 1021 1615 veridicam
1034 1551 1287 1627 attestacionem,
1305 1552 1394 1615 vide-

241 1643 320 1707 licet
336 1641 475 1705 Mathiae
492 1638 746 1725 Archiepiscopi,
771 1651 803 1703 et
828 1639 938 1703 Sancti
957 1638 1129 1703 Malachiae
1145 1652 1177 1703 et
1194 1640 1347 1704 Giliberti
1363 1652 1396 1703 et

243 1730 352 1808 Alani,
369 1728 616 1815 Episcoporum,
633 1740 665 1792 et
681 1726 912 1791 nonnullorum
924 1740 1151 1792 veteranorum
1166 1726 1207 1791 de
1221 1726 1397 1813 Hybernia

243 1819 457 1895 sacerdotum,
476 1838 617 1882 necnon
640 1829 673 1881 et
695 1813 928 1880 monachorum
943 1814 1079 1899 predicti
1096 1816 1207 1880 Sancti
1221 1814 1396 1882 Malachiae

244 1904 490 1990 Archiepiscopi
520 1903 762 1991 discipulorum,
792 1925 904 1968 manus
935 1902 1074 1967 securius
1101 1904 1328 1988 apposuimus3
1364 1916 1397 1967 et

243 2016 357 2061 eorum
383 1993 471 2058 dicta
495 1992 547 2055 vel
562 1990 755 2067 testimonia,
772 2005 871 2076 prout
893 1990 1056 2076 hystorica
1078 1992 1261 2076 prosecutio
1283 1991 1396 2080 exigit,

243 2082 390 2169 sequenti
413 2080 569 2167 opusculo
593 2078 795 2147 inseruimus.
857 2078 933 2143 Alia
948 2101 1024 2144 vero
1047 2080 1185 2165 propriis
1201 2080 1399 2165 adaptantur

244 2168 336 2247 locis,
354 2191 427 2255 quae
443 2172 484 2235 ab
501 2168 569 2231 aliis
594 2166 762 2230 didicimus
778 2189 834 2230 seu
850 2168 969 2251 scripta
984 2166 1199 2252 comperimus
1214 2167 1248 2231 in
1269 2168 1399 2233 Scotto-

244 2278 318 2325 rum
345 2256 447 2321 libris.
496 2254 621 2328 Quibus
647 2252 721 2318 freti
753 2254 953 2332 testimoniis,
982 2256 1036 2339 pio
1062 2254 1196 2319 Domini
1213 2255 1400 2321 Confessori

249 2343 431 2409 Cuthberto
448 2343 558 2407 devoti
574 2342 738 2407 offerimus
755 2343 893 2406 exennia
909 2342 1010 2407 nostri
1026 2342 1158 2411 laboris.
1210 2342 1316 2416 Quem
1334 2344 1400 2408 ala·

246 2432 357 2496 crioris
370 2430 467 2495 animi
484 2430 595 2495 sedula
607 2431 782 2495 devocione
793 2430 991 2514 postulamus
1006 2445 1042 2495 ut
1057 2432 1102 2495 ita
1117 2429 1266 2515 dignetur
1281 2433 1401 2497 habere

247 2531 382 2605 accepta
408 2518 680 2605 quemadmodum
710 2530 822 2583 nostra
851 2519 886 2582 in
915 2518 975 2581 hiis
999 2516 1159 2582 desideria
1188 2519 1255 2604 ejus
1282 2517 1401 2585 honori

246 2618 398 2694 prompta
412 2606 482 2673 fore
497 2607 640 2695 gestiunt
655 2619 752 2694 atque
768 2605 894 2671 devota.
942 2609 1087 2690 Euplicit
1100 2610 1264 2691 Prcefiztio.

361 2894 478 2984 [CAP.
494 2893 538 2983 I.]
565 2894 684 2977 incipit
704 2894 848 2961 Libellus
862 2898 901 2960 de
914 2903 984 2959 ortu
998 2897 1108 2963 Sancti
1125 2898 1293 2964 Cuthberti.

295 3117 494 3183 Cuthbertus
510 3118 543 3181 in
563 3119 692 3183 Christo
715 3120 793 3183 Jesu
808 3143 938 3207 gemma
961 3143 1126 3185 sacrorum
1144 3123 1347 3187 sacerdotum
1372 3138 1405 3190 et

249 3206 367 3271 nobilis
394 3205 497 3289 gloria
522 3205 762 3284 Confessorum,
789 3207 829 3271 de
855 3209 946 3295 regio
969 3223 1103 3273 stemate
1132 3210 1403 3296 Hybernensium

250 3292 390 3360 traditur
407 3294 502 3356 fuisse
517 3296 718 3377 progenitus.
780 3294 846 3368 Qut
870 3297 911 3359 de
934 3310 1041 3384 styrpe
1057 3299 1146 3385 regia
1162 3298 1238 3364 satis
1254 3301 1405 3365 educitur

251 3396 287 3469 ut
302 3382 418 3446 merito
433 3382 492 3444 flos
508 3395 541 3445 et
551 3403 678 3465 gemma
689 3382 880 3465 pontificum
895 3384 1103 3467 praedicetur.
1151 3386 1246 3465 Nam,
1259 3388 1299 3452 de
1315 3390 1406 3476 regio

249 3483 344 3557 patre
360 3470 501 3556 genitus,
513 3469 554 3532 de
571 3469 655 3555 regis
668 3492 797 3556 qnoque
813 3470 1039 3536 nichilominus
1049 3485 1098 3537 est
1109 3473 1177 3539 filia
1191 3493 1404 3564 propagatus.

253 3560 307 3625 sic
339 3559 483 3622 enimin
512 3556 783 3643 Hyberniensium
811 3558 978 3623 annalibus
1007 3560 1227 3627 vetustissimis
1249 3568 1406 3650 scriptum

251 3647 381 3735 legitur,
399 3644 517 3730 quibus
544 3645 627 3708 fides
651 3645 811 3709 celebrior
834 3647 1017 3711 adhibetur.
1079 3650 1159 3713 Erat
1181 3650 1214 3714 in
1233 3651 1408 3739 Hybernia

253 3734 329 3798 Rex
344 3756 531 3820 generosus,
549 3754 591 3795 ex
605 3733 777 3817 praenobili
793 3748 1020 3821 magnatorum
1036 3738 1204 3821 sanguine,
1220 3741 1276 3825 qui
1297 3739 1407 3805 nativa

253 3820 411 3908 dignitate
434 3822 525 3906 regia
548 3822 671 3884 cunctis
694 3820 824 3904 praefuit
846 3821 1044 3906 majestate*
1091 3826 1175 3889 Nam
1191 3829 1305 3892 attavis
1321 3828 1408 3913 regi-

252 3909 315 3973 bus
331 3907 435 3971 editus
445 3905 522 3993 ipsis
534 3929 594 3993 pro
603 3921 730 3975 naturae
742 3907 867 3993 legibus
878 3909 940 3973 fuit
957 3910 1138 3998 Hyberniae
1148 3917 1278 4003 regibus
1294 3915 1409 4001 septri-

254 4016 334 4083 gera
343 4006 502 4079 potestate
514 3997 717 4081 praepositus,
755 3995 822 4069 Qui
834 3995 919 4081 Regi
931 3998 1084 4063 caelorum
1094 4002 1211 4067 merito
1226 4024 1409 4069 morumas·

255 4083 346 4167 sidue
358 4080 526 4161 militabat,
538 4097 570 4147 et
582 4081 681 4147 fidem
689 4081 917 4163 Christianam,
930 4090 1295 4177 quamperceperatpiis
1303 4092 1411 4178 operi·

255 4169 316 4237 bus
328 4170 516 4236 exornabat.
541 4168 658 4236 Hicin
674 4170 803 4237 civitate
814 4170 1094 4260 Hyberniensium
1109 4178 1317 4259 nobilissima,
1334 4201 1409 4268 quae

293 4351 307 4382 t
327 4350 342 4379 ⁴⁶
351 4344 390 4399 Et
401 4351 502 4399 caetera.
531 4345 692 4415 CuJ‘uslllius
704 4346 867 4402 Cuthbertus
877 4350 920 4401 vir
928 4322 1058 4402 sanctus'.¹
1074 4348 1162 4407 'l'bese
1170 4353 1253 4408 words
1264 4370 1308 4410 are
1319 4349 1410 4425 placed

256 4411 352 4538 {poppe
369 4414 479 4485 mrrgiu,
495 4414 547 4469 and
563 4426 580 4468 s
599 4414 654 4470 line
665 4418 687 4470 tr
698 4411 788 4470 maun
799 4423 827 4471 to
839 4418 983 4487 mqjmtste,
994 4432 1022 4471 ss
1033 4416 1058 4471 tt
1071 4420 1137 4489 they
1148 4434 1221 4477 erma
1231 4422 1259 4477 tn
1271 4424 1340 4479 atter
1350 4422 1410 4477 that
