3142 5159
637 428 775 483 suncrr
801 426 924 481 nuru.
1268 412 1340 484 lea

192 582 285 682 prior
310 593 520 661 Mailrocansi
543 595 696 673 ecclcsiae,
722 592 887 681 praepositi
907 594 992 679 jure,
1019 593 1079 659 sub
1103 593 1218 659 eodem
1247 607 1339 681 patre

193 683 336 771 praefuit,
352 706 489 772 sequens
501 706 578 750 vero
593 683 801 771 postmodum
817 681 1086 746 Lindisfarneusis
1096 682 1240 748 ecclesie
1249 706 1338 771 mag·

193 772 307 837 nificus
336 774 456 858 praesul
482 772 605 840 enituit.
654 771 718 837 His
755 771 953 857 temporibus
996 771 1089 835 finito
1126 772 1278 838 conflictu
1302 798 1340 840 ac

195 862 298 927 soluta
312 861 528 937 contentione,
555 883 651 949 quam
668 861 865 926 Colmauuus
889 863 1054 945 episcopus
1070 881 1142 924 cum
1166 861 1228 924 suis
1245 884 1339 927 exer-

194 950 261 1014 cuit
275 968 389 1017 contra
404 950 595 1015 Wilfridum
606 962 803 1036 caeterosque
826 948 998 1013 catholicos
1014 948 1107 1025 viros,
1125 949 1166 1013 de
1187 950 1338 1016 observa-

195 1038 286 1104 cione
302 1038 453 1125 paschali,
470 1053 633 1105 revertens
658 1038 794 1123 patriam
809 1037 892 1101 idem
910 1038 1107 1102 Colmannus
1130 1038 1210 1101 adiit
1225 1062 1338 1126 regem

192 1127 337 1194 Oswium
351 1130 597 1215 impetravitque
613 1128 653 1191 ab
669 1150 708 1192 eo
724 1126 915 1211 utpraelatus
931 1126 979 1189 vir
1001 1125 1212 1205 venerandus,
1225 1128 1337 1193 Abbas

194 1214 287 1295 Eata,
313 1217 465 1281 fratribus
484 1216 756 1281 Lindisfarnensis
772 1215 915 1279 ecclesiae
934 1215 1067 1279 Abbatis
1077 1218 1151 1302 jure
1172 1230 1337 1301 praeesset.

194 1303 339 1371 Multum
354 1329 491 1393 namque
507 1306 645 1371 eundem
663 1306 824 1370 Abbatem
844 1302 950 1368 Eatan
965 1305 1061 1370 etiam
1078 1303 1180 1368 Scotti
1203 1328 1337 1371 venera-

191 1392 317 1473 bantur,
342 1418 381 1459 eo
397 1395 485 1481 quod
500 1410 595 1472 esset,
612 1406 649 1458 ut
671 1416 767 1479 supra
782 1393 904 1458 dictum
920 1408 981 1470 est,
997 1417 1080 1458 unus
1096 1394 1137 1458 de
1153 1414 1204 1457 xn
1227 1397 1336 1478 pueris

193 1482 314 1547 Aidani
343 1482 497 1568 episcopi.
544 1481 727 1568 Suscipiens
757 1482 865 1569 itaque
896 1483 956 1548 sub
986 1505 1064 1549 cura
1092 1485 1141 1546 sui
1170 1482 1335 1571 regiminis

192 1585 319 1636 sanctus
344 1570 427 1636 Eata
453 1571 620 1635 ecclesiam
646 1570 963 1655 Lyndisfarneusem,
981 1594 1108 1636 omnem
1135 1570 1336 1660 diligentiam

192 1658 403 1743 spiritualium
427 1658 637 1723 excubiarum
658 1657 763 1723 eidem
787 1657 940 1737 ecclesiae,
958 1660 1041 1723 sicut
1056 1674 1089 1723 et
1113 1660 1335 1739 Mailroeeusi,

192 1747 341 1832 praebuit.
387 1750 524 1814 Beatum
540 1769 669 1835 quoque
693 1746 920 1825 Cuthbertum,
938 1770 1032 1833 quem
1057 1748 1266 1833 praepositum
1283 1774 1336 1813 eo-

137 1872 139 1875 ·
191 1836 297 1901 clasiae
322 1836 545 1903 Mailrocensis
567 1850 640 1922 post
663 1834 787 1900 obitum
810 1836 885 1899 Deo
900 1835 1009 1899 dilecti
1032 1837 1203 1901 sacerdotis
1221 1836 1336 1902 Boisili

191 1925 319 2003 fecerat,
346 1928 387 1990 ad
408 1926 491 1991 hanc
513 1924 677 1989 ecclesiam
708 1924 895 1998 transtulit3
928 1927 1059 2012 ejusque
1090 1924 1334 2011 praeposituram

140 2056 141 2059 =
191 2015 250 2080 sub
266 2038 299 2080 se
315 2014 549 2101 disponendam
572 2013 617 2078 illi
639 2012 805 2077 commisit.
853 2013 896 2076 Et
911 2014 998 2086 inde,
1021 2015 1167 2078 revoluto
1182 2014 1337 2097 plurimo-

194 2126 265 2167 rum
295 2115 451 2167 annorum
468 2103 598 2180 circulo,
621 2116 693 2167 orta
722 2102 807 2166 inter
833 2124 943 2187 regem
962 2102 1336 2188 ngridumetreveren·

192 2192 348 2256 tissimum
364 2191 538 2257 antistitem
556 2192 747 2256 Wilfridum
763 2190 972 2267 dissencione,
990 2192 1101 2275 pulsus
1113 2204 1162 2254 est
1177 2189 1263 2255 idem
1279 2214 1336 2255 an-

192 2283 317 2346 tistesa
339 2282 415 2346 sede
437 2285 485 2344 sui
501 2282 718 2365 episcopatus3
744 2296 776 2343 et
803 2280 868 2343 dno
899 2279 1054 2343 inlocum
1071 2281 1138 2364 ejus
1170 2280 1335 2345 substituti

192 2372 342 2456 episcopi,
360 2370 414 2457 qui
437 2369 774 2455 Northanymbrorum
785 2371 875 2453 genti
897 2386 1086 2452 praeessent,
1102 2369 1198 2446 Bosa,
1223 2369 1335 2432 videli-

189 2471 249 2535 cet,
264 2459 318 2544 qui
343 2458 528 2535 Deirorum,
554 2470 586 2520 et
608 2458 691 2521 Eata
716 2457 871 2541 praelatus
901 2455 1011 2529 abbas,
1027 2457 1082 2541 qui
1111 2456 1335 2521 Berniciorum

188 2544 387 2630 provinciam
398 2546 630 2629 gubernarent3
655 2544 706 2607 hic
721 2545 754 2605 in
770 2542 899 2607 civitate
919 2543 1068 2621 Eboraci,
1085 2543 1137 2606 ille
1154 2544 1188 2607 in
1201 2545 1333 2633 Hagus-

189 2632 323 2697 taldensi
339 2634 405 2698 sive
422 2632 454 2695 in
479 2630 733 2697 Lindisfarnensi
749 2631 883 2696 ecclesia
903 2632 1087 2696 cathedram
1109 2632 1233 2697 habens
1248 2636 1332 2713 epis·

189 2722 340 2806 copalem.
391 2720 542 2786 Ordinati
573 2738 647 2795 sunt
673 2737 780 2784 autem
803 2719 902 2785 sancti
934 2745 970 2784 ac
998 2722 1073 2784 Deo
1096 2722 1247 2786 amabiles
1273 2725 1333 2787 viri

192 2810 279 2877 Bosa
294 2824 326 2873 et
346 2810 428 2875 Eata
445 2811 584 2874 Eboraci
607 2811 647 2873 ab
663 2809 905 2894 archiepiscopo
918 2809 1095 2873 Theodoro
1109 2835 1117 2885 3
1143 2810 1197 2896 qui
1220 2811 1331 2890 eciam,

191 2913 265 2985 post
288 2911 351 2963 tres
371 2922 471 2963 annos
494 2900 703 2963 abscessionis
733 2895 881 2974 Willridi,
909 2897 1036 2961 addidit
1059 2898 1176 2962 horum
1198 2921 1334 2964 numero

191 2988 271 3051 duos
287 2988 454 3065 antistites,
481 2987 658 3074 Trumwyn
673 2986 715 3049 ad
737 2984 934 3069 provinciam
953 2985 1131 3065 Pictorum,
1149 3000 1226 3050 tunc
1253 3001 1333 3052 tem-

189 3078 277 3161 poris
294 3076 474 3164 Auglorum
492 3075 625 3160 imperio
648 3074 833 3160 subjectam,
851 3086 884 3137 et
896 3074 1101 3138 Tunbertnm
1113 3076 1154 3138 ad
1167 3076 1333 3142 ecclesiam

190 3163 528 3248 Haugustaldeusem3
551 3178 737 3227 remanente
754 3162 838 3227 Eata
849 3162 891 3225 ad
908 3163 1224 3248 Lyndisfarnensem.
1266 3166 1332 3231 Sed

188 3272 262 3338 post
274 3255 455 3331 triennium,
472 3275 531 3337 pro
554 3252 647 3337 culpa
663 3252 826 3337 cujusdam
847 3239 1086 3328 inobedientiae,
1103 3254 1267 3339 depositus
1283 3268 1331 3319 est

190 3341 222 3405 T
224 3342 394 3418 unbertus;
417 3356 449 3407 et
463 3342 536 3405 loco
552 3344 618 3428 ejus
634 3342 680 3403 vir
695 3338 908 3404 sanctissimus
924 3341 1043 3404 electus
1059 3354 1107 3405 est
1120 3342 1329 3407 CuthbertuS.

191 3430 255 3495 Sed
270 3429 422 3515 quoniam
436 3430 505 3513 ipse
519 3430 591 3514 plus
603 3427 854 3491 Lindisfarnensi
870 3428 1025 3504 ecclesiae,
1039 3428 1071 3491 in
1081 3453 1144 3515 qua
1159 3455 1328 3495 conversa-

187 3528 239 3581 tus
264 3517 378 3595 fuerat,
410 3540 506 3603 quam
534 3515 821 3603 Haugnstaldeusi‚
846 3515 960 3581 dilexit
982 3518 1112 3599 praefici,
1143 3519 1274 3602 placuit,
1293 3535 1330 3584 ut

189 3604 272 3670 Eata
293 3627 421 3671 reverso
436 3605 478 3669 ad
500 3604 608 3669 sedem
624 3604 764 3667 ecclesiae
790 3603 1093 3688 Haugustaldensis,
1110 3606 1162 3671 cui
1177 3609 1327 3695 regendae

189 3694 295 3779 primo
317 3694 422 3759 fuerat
451 3691 624 3771 ordinatus,
652 3692 848 3756 Cuthhertus
871 3692 1016 3757 ecclesiae
1048 3694 1328 3780 Lyndislarnensis

186 3783 404 3868 gubernacula
428 3780 611 3865 susciperet.
661 3780 822 3845 Redditus
852 3804 930 3869 ergo
960 3782 1122 3845 cathedrae
1153 3783 1328 3871 episcopali

190 3871 332 3937 ecclesiae
360 3867 652 3955 Haugustaldcusis
675 3869 865 3933 venerabilis
880 3885 972 3953 pater
998 3871 1089 3947 Eata,
1114 3895 1186 3936 cum
1210 3896 1330 3963 magno

186 3959 405 4024 universorum
421 3958 539 4049 gaudio
563 3956 750 4042 suscipitur:
775 3958 994 4023 exultantibus
1017 3959 1175 4038 omnibus,
1192 3985 1229 4025 ac
1252 3964 1329 4028 Deo

185 4046 309 4131 gracias
337 4049 516 4134 agentibus,
544 4046 630 4133 quod
650 4065 810 4130 pastorem
841 4070 933 4111 suum
963 4047 1213 4125 dilectissimum,
1230 4074 1324 4135 quern

186 4138 291 4201 tristes
328 4136 545 4221 perdiderant,
587 4134 651 4199 Dei
664 4134 856 4219 providente
886 4135 998 4218 gratia,
1037 4139 1153 4201 iterum
1179 4137 1326 4223 recipere

186 4223 386 4289 meruissent.
431 4225 505 4291 Jam
534 4246 619 4301 vero,
651 4223 778 4309 qualem
806 4248 839 4286 se
862 4221 894 4285 in
918 4223 1105 4309 episcopatu
1129 4226 1324 4307 exhibuerit,

185 4312 280 4379 nullis
295 4334 376 4379 meae
391 4312 553 4398 parvitatis
569 4311 700 4399 eloquiis
717 4309 871 4395 explicari
886 4312 982 4381 valet.
1030 4314 1151 4377 Creber
1160 4313 1245 4377 enim
1259 4333 1328 4384 erat

185 4403 221 4469 in
242 4400 466 4481 oracionibus3
489 4414 664 4491 oportunus
688 4413 720 4467 et
742 4400 944 4485 importunus
966 4403 999 4467 iu
1021 4401 1329 4487 exhortacionihus3
