3142 5159
555 468 695 525 ssucrr
721 470 962 528 curnunnrr.
1280 464 1329 545 71

175 640 287 705 omnia
312 636 451 722 diligens
467 636 645 702 absentiam
661 637 731 722 ejus
746 637 802 701 vix
817 657 1043 728 quemcunque
1072 645 1153 725 [ita]
1176 644 1333 711 sustinere

176 726 293 813 potuit.
333 724 538 811 Baptismatis
554 748 633 791 vero
649 739 849 791 sacramenta
860 729 1006 815 percepit
1014 728 1048 794 in
1063 729 1193 799 civitate
1207 758 1282 823 quae
1291 735 1333 801 ab

175 816 222 883 eis
240 812 484 881 Hartlbrechins
509 820 561 895 [or
577 814 841 897 Hartwrechins]
853 813 983 883 dicitur.

650 1128 769 1209 [cnr.
794 1128 858 1214 x]

222 1350 376 1428 Quadam
392 1372 469 1416 vero
484 1350 548 1431 die,
566 1352 644 1417 dum
661 1351 853 1438 Episcopus,
870 1376 961 1420 more
986 1356 1263 1447 Hybernensium,
1281 1391 1332 1433 ar·
1421 1348 1424 1351 ⁴

176 1455 359 1504 mentorum
382 1462 513 1505 suorum
537 1440 633 1504 ovilia
648 1442 810 1506 solitarius
825 1442 984 1521 circuiret,
1008 1450 1145 1537 contigit
1170 1466 1206 1518 ut
1222 1478 1331 1523 secum

176 1528 348 1614 puerulum
372 1527 538 1613 spaciandi
563 1528 674 1616 gracia
704 1530 924 1595 conduxisset.
970 1532 1100 1609 Quibus
1127 1540 1205 1605 dum
1234 1568 1332 1613 vacca

175 1639 350 1704 praegnans
367 1632 559 1695 occurreret,
576 1617 702 1695 accidit,
727 1632 763 1681 ut
779 1640 871 1703 puer,
897 1619 1010 1685 obvius
1026 1623 1073 1686 illi
1097 1648 1275 1712 accurrens,
1300 1650 1333 1702 et

175 1704 296 1769 diutius
308 1704 397 1768 illam
412 1706 552 1783 intuens
577 1706 694 1789 saepius
717 1707 871 1770 recedens
887 1721 920 1771 et
933 1708 1060 1773 rediens
1076 1719 1195 1781 ventris
1209 1720 1332 1789 inclusa

176 1805 210 1858 et
226 1815 327 1857 onera
341 1792 531 1857 admirando
548 1793 739 1857 colluderet.
787 1793 963 1859 Subrideus
981 1795 1159 1883 Episcopus
1175 1807 1284 1895 itaque
1299 1828 1332 1877 et

176 1904 315 1961 puerum
342 1880 463 1967 aliquid
487 1883 601 1946 secreti
618 1881 792 1946 rimantem
808 1882 933 1947 contius
951 1890 984 1969 [ἒ
1000 1896 1177 1975 οσηίιιεηε],
1204 1906 1226 1939 “
1238 1901 1330 1982 age‚’'

174 1970 302 2057 inquid,
329 1978 350 2011 ‘⁶
360 1991 450 2054 puer,
468 1982 499 2033 et
516 1969 599 2055 patri
615 1983 670 2033 tuo
687 1969 787 2034 dicito
802 1972 881 2057 quid
896 1973 1014 2037 occulti
1029 1976 1162 2041 misterii
1175 1982 1209 2046 in
1225 2007 1330 2072 praeg·

175 2057 280 2122 nantis
312 2057 439 2122 buculae
467 2056 586 2121 videris
610 2058 732 2122 uter0.’'
780 2058 842 2123 Cui
871 2082 965 2144 puer,
989 2084 1055 2126 non
1071 2066 1247 2151 pueriliter,
1272 2080 1329 2157 ait,

177 2146 323 2231 “Hujus
339 2147 535 2233 praegnantis
552 2167 657 2210 vsccae
683 2160 811 2211 uterum
828 2147 963 2213 sollicite
980 2150 1105 2217 diucius
1128 2162 1329 2247 conspiciens

176 2234 273 2299 video
289 2232 409 2320 aliquid
434 2232 535 2298 inesse
551 2234 710 2313 mirabile,
728 2236 817 2321 quod
832 2249 940 2300 tamen
958 2240 1083 2304 matrici
1107 2247 1225 2313 sobolis
1240 2255 1329 2320 vide-

175 2336 230 2387 tur
252 2344 382 2407 prorsus
404 2333 555 2386 naturam
582 2322 747 2386 excedere.
796 2322 882 2387 Nam
904 2346 977 2388 cum
1004 2328 1075 2411 ipsa
1099 2332 1183 2421 nigri
1214 2341 1331 2409 coloris

176 2409 320 2475 exterius
340 2422 409 2475 tota
423 2422 622 2495 compareat,
643 2410 735 2473 nimis
759 2410 888 2475 videtur
911 2435 980 2475 esse
994 2414 1139 2483 mirabile
1155 2446 1219 2509 qua
1234 2452 1330 2497 causa

176 2498 305 2563 latentis
320 2511 446 2563 naturae
462 2498 645 2562 dissimilem
657 2498 770 2563 foetum
786 2501 972 2584 concepisse
981 2505 1167 2586 praevaleat.
1200 2514 1329 2585 Vitulus

177 2586 320 2675 quidem,
336 2586 393 2674 qui
414 2586 549 2650 interius
565 2586 734 2663 delitescit,
759 2599 847 2651 totus
873 2587 1020 2652 rubiculo
1044 2592 1151 2660 colore
1166 2598 1329 2685 flavescit3

179 2684 337 2739 ettamen
360 2674 392 2738 in
407 2673 523 2739 frontis
540 2674 659 2739 vertice
675 2673 774 2737 instar
790 2674 892 2738 stellae
913 2676 1078 2743 candentis
1093 2683 1229 2752 sormam
1245 2717 1329 2779 prae.

176 2762 263 2827 ferre
288 2762 441 2841 cernitur,
467 2785 541 2850 quae
563 2762 646 2826 nivis
670 2763 807 2827 recentis
822 2761 1022 2827 similitudini
1038 2772 1230 2843 omnimodis
1245 2805 1330 2849 coae-

175 2863 305 2939 quatur.
354 2849 406 2915 Ne
421 2873 523 2928 mora,
541 2872 713 2938 praegnans
729 2872 826 2915 vacca
840 2851 937 2915 loetus
953 2858 1112 2937 exposuit,
1130 2877 1162 2927 et
1179 2869 1313 2937 vitulum
1363 2849 1366 2854 ⁴

176 2940 305 3027 qualem
326 2961 407 3025 puer
430 2939 628 3023 praedixerat
655 2938 835 3023 parturivit.
881 2938 1070 3006 Admiratus
1092 2970 1170 3036 ergo
1195 2924 1330 3041 Episcol

176 3051 249 3114 pus,
273 3026 454 3112 prophetiae
477 3025 624 3111 spiritum
647 3025 732 3090 illius
754 3027 880 3111 pectori
896 3025 1000 3093 inesse
1022 3031 1145 3116 didicit,
1170 3054 1209 3105 et·
1218 3053 1330 3131 quanti

177 3116 265 3201 apud
288 3116 398 3179 Deum
422 3116 529 3178 meriti
551 3114 759 3199 postmodum
786 3126 869 3178 esset
897 3114 1025 3180 futurus
1042 3142 1084 3183 ex
1106 3127 1260 3197 miraculo
1281 3140 1329 3204 in.

176 3217 282 3268 stante
304 3202 479 3286 praesensit.
528 3203 736 3289 Puerumque
767 3224 809 3266 ex
836 3224 876 3265 eo
900 3218 1046 3289 tempore
1071 3211 1215 3283 devotius
1231 3227 1330 3312 coepit

176 3291 403 3378 amplectendo
419 3292 579 3369 excolere,
604 3304 637 3356 et
652 3290 850 3356 dulcioribus
866 3291 982 3377 saepius
1009 3296 1155 3387 alloquiis
1177 3323 1210 3375 et
1236 3317 1329 3380 obse.

176 3379 260 3468 quiia
283 3380 540 3468 congratulando
554 3378 737 3446 confovere.

367 3691 467 3758 CAP.
484 3687 739 3757 XL-Assercio
755 3687 893 3753 Maniae
907 3690 1151 3783 morimeam,

224 3916 391 3993 Quoniam
406 3938 488 4003 puer
504 3914 641 3979 Domini
656 3913 806 3980 omnibus
818 3915 923 3980 clarus
939 3918 1060 4003 extitit,
1076 3950 1096 3991 a
1110 3940 1251 4015 paternis
1267 3947 1331 4011 suis

179 4005 330 4094 quaedam
344 4006 467 4071 cariora
490 4002 625 4069 donaria
639 4005 796 4088 percepit.
824 4004 913 4069 lnter
929 4030 1013 4093 quae,
1038 4020 1203 4099 quoddam
1220 4033 1332 4099 tintin.

176 4093 344 4172 nabulum,
360 4096 448 4181 quod
468 4092 579 4182 lingua
595 4113 707 4155 eorum
735 4094 826 4157 kelim
840 4092 970 4171 dicitur,
987 4096 1110 4183 habuit,
1128 4116 1216 4198 quod
1240 4143 1332 4187 more

181 4182 449 4268 Hybernensium
475 4182 561 4246 collo
591 4178 803 4244 circumtulit.
849 4182 980 4247 Accidit
1009 4187 1110 4272 igitur
1135 4200 1218 4268 forte
1243 4211 1332 4293 quod

177 4270 276 4334 kelim
306 4273 403 4356 pueri
418 4271 510 4356 lapsu
525 4268 579 4333 vel
605 4268 746 4352 impulsu
771 4266 880 4355 aliquo
896 4270 1095 4345 confractum
1118 4284 1226 4370 fuerit,
1244 4299 1333 4380 quod

177 4380 281 4451 puero
296 4359 529 4445 perplurimum
544 4354 666 4422 doloris
678 4355 868 4421 moesticiam
883 4357 1003 4430 intulit.
1038 4366 1133 4438 Tunc
1148 4378 1333 4451 columbina

177 4447 294 4513 ductus
325 4447 543 4534 simplicitate,
570 4442 701 4513 fabrum
720 4445 808 4511 aolus
832 4445 925 4524 adiit,
941 4461 974 4513 et
999 4464 1036 4517 ut
1050 4476 1113 4541 pro
1127 4460 1194 4530 Dei
1220 4491 1332 4540 amore
