3142 5159
538 480 658 553 nucis
675 467 892 553 unisonum.
1235 484 1295 551 33*
1314 488 1323 497 ’

145 664 247 730 lustra
261 666 432 742 decubans,
444 664 515 751 jugi
534 666 678 731 caecitate
694 651 725 730 el
748 665 890 731 omnium
903 664 1123 734 membrorum
1133 657 1284 729 continua

143 754 347 819 cruciabatur
358 752 556 837 aegritudine.
604 754 647 818 Et
661 752 792 818 medicis
800 752 989 838 desperatis,
1000 753 1130 837 jacebat
1144 752 1237 839 quasi
1251 752 1284 816 in

142 841 298 909 extremis
313 864 421 927 agens.
465 842 519 905 Ad
535 842 630 929 quem
651 854 754 905 mater
769 840 846 905 talia
866 841 967 906 fertur
987 839 1284 930 hortatoriaverba

61 992 64 998 .
144 928 257 995 salutis
282 928 413 994 fudisse.
460 936 482 969 “
497 928 691 994 Miserabilis
717 928 774 1007 fili,
802 928 880 1016 quid
905 941 955 993 est
978 928 1066 1015 quod
1089 927 1122 991 in
1142 927 1283 993 medicos

144 1039 274 1080 omnem
289 1039 403 1101 erogas
419 1015 640 1095 substantiam,
653 1016 712 1104 -qui
733 1016 935 1081 medicorum
950 1016 1106 1101 optimum
1131 1014 1284 1083 Sanctum

149 1105 274 1189 Regem
290 1118 322 1168 et
347 1104 527 1189 Martyrem
543 1104 707 1170 Oswinum
723 1104 888 1169 dominum
907 1117 1010 1181 tuum,
1025 1104 1125 1168 habes
1147 1112 1285 1187 praesene

149 1206 227 1257 tem.
272 1193 346 1276 lpse
358 1214 423 1256 non
437 1191 605 1277 pecuniam
616 1193 673 1257 sed
687 1192 785 1256 fidem
800 1192 1018 1277 languentium
1028 1190 1173 1291 requirit.
1220 1190 1285 1255 Re·

85 1289 89 1295 ’
145 1280 281 1344 cordare
292 1291 371 1367 quot
381 1292 414 1343 et
426 1291 545 1365 quanta
554 1302 702 1344 curarum
713 1279 870 1353 beneficia
881 1279 978 1344 etiam
987 1292 1105 1344 exteris
1117 1290 1151 1343 et
1165 1278 1284 1367 ignotis

144 1367 294 1453 gentibus
316 1367 460 1431 crebrius
482 1380 635 1452 praestet3
659 1383 693 1432 et
715 1367 810 1431 crede
833 1367 908 1453 quia
920 1366 988 1431 tibi
1011 1366 1187 1431 domestico
1200 1378 1283 1445 suu,

106 1535 108 1541 Α
145 1455 207 1519 nisi
222 1456 301 1519 fides
316 1454 443 1519 modica
456 1455 662 1533 demeruerit‚
676 1456 740 1521 non
755 1454 899 1542 negabit,
912 1454 1000 1541 quod
1014 1453 1100 1519 omni
1109 1452 1231 1518 nationi
1242 1453 1284 1518 de

146 1565 182 1608 se
198 1542 415 1629 praesumenti,
433 1555 497 1607 tam
520 1542 604 1607 facili
618 1565 713 1629 quam
736 1542 834 1607 celeri
855 1541 1001 1626 indulget
1023 1542 1174 1627 pietate.”
1222 1541 1283 1606 His
1305 1553 1307 1558 '

145 1643 180 1695 et
207 1631 360 1696 similibus
382 1631 492 1695 matris
515 1630 645 1695 tandem
667 1630 874 1717 adquiescens
896 1629 1034 1708 monitis,
1054 1630 1097 1695 ad
1117 1627 1285 1694 ecclesiam

141 1718 261 1781 ¹Sancti
285 1717 439 1803 Martyris
461 1740 495 1782 se
511 1716 628 1781 deferri
642 1720 804 1802 'praecepit
825 1717 1004 1803 languidus,
1020 1730 1058 1782 et*
1075 1730 1150 1782 aute
1164 1715 1285 1782 'Sancti
1318 1752 1319 1757 1

142 1805 249 1870 ¹altare
265 1806 403 1893 deponi;
427 1806 481 1869 ubi
500 1805 617 1889 pariter
636 1819 669 1869 et
684 1805 808 1869 delatus
823 1817 857 1890 et
875 1804 1054 1869 deferentes
1073 1804 1224 1869 orationis
1239 1806 1287 1869 in·
1339 1856 1342 1859 .
1445 1838 1448 1843 ·

147 1893 275 1958 stantiae
301 1892 459 1972 insistunt,
488 1906 521 1957 et
546 1893 647 1957 multa
667 1915 799 1978 precum
819 1892 939 1977 pariter
957 1906 990 1957 et
1012 1892 1088 1956 fidei
1109 1892 1287 1969 constantia

152 1981 307 2045 Sanctum
333 1982 456 2066 Regem
477 1992 512 2046 et
537 1980 713 2066 Martyrem
733 1979 899 2045 Oswinum
919 1973 979 2065 pro
1002 1977 1106 2045 salute
1124 1979 1286 2066 desperati

151 2068 289 2133 Osberni
304 2068 445 2155 pulsant,
466 2068 574 2154 et'pia
597 2066 836 2153 importunitate
851 2068 998 2153 fatigant.
1045 2068 1192 2132 Tandem
1214 2090 1286 2132 ora-

149 2156 289 2221 tionibus
301 2170 338 2220 et
353 2156 467 2241 vigiliis
482 2156 639 2221 continuis
657 2156 732 2220 fessi
755 2177 874 2234 omnes,
891 2155 968 2220 inibi
982 2155 1187 2220 obdormiunt
1204 2167 1287 2241 prae'-

148 2256 199 2308 ter
218 2244 409 2322 Osbernum,
427 2265 522 2331 quem
540 2244 627 2329 jugis
647 2244 738 2307 dolor
754 2265 868 2308 somno
886 2243 1053 2328 indulgere
1072 2266 1138 2308 non
1155 2243 1287 2329 permit-

149 2333 250 2396 tebat.
289 2331 354 2405 Qui
372 2346 406 2397 ut
421 2345 490 2397 erat
505 2332 678 2396 destitutus
695 2331 774 2409 visu,
785 2343 819 2395 et
835 2332 959 2396 caeteris
973 2331 1125 2396 membris
1139 2332 1285 2397 omnibus
1348 2361 1351 2368 ·

148 2418 317 2498 invalidus,
334 2421 493 2505 palpando
509 2442 636 2504 gressus
652 2442 725 2483 suos
740 2418 879 2503 dirigens
899 2419 946 2483 ad·
956 2419 1144 2483 orientalem
1160 2418 1286 2505 partem

147 2507 266 2585 serinii,
284 2507 316 2569 in
338 2530 403 2593 quo
423 2508 559 2571 Sanctus
574 2506 755 2594 requiescit,
779 2506 940 2591 pervenit3
955 2524 989 2570 et
1011 2506 1110 2591 pedes
1130 2506 1286 2592 ymaginis

144 2594 264 2658 'Sancti
274 2594 374 2678 Regis
386 2593 532 2658 devotius
545 2594 721 2680 amplexus,
735 2593 915 2658 deosculari
930 2606 964 2656 et
978 2594 1115 2679 desuper
1128 2593 1287 2659 lacrimari

148 2704 217 2746 non
237 2681 370 2759 destitit,
388 2681 496 2745 dicens
516 2681 644 2760 Sancto,
663 2703 740 2746 voce
755 2680 884 2768 quidem
904 2680 980 2746 satis
994 2680 1118 2766 puerili,
1135 2681 1193 2746 sed
1210 2682 1288 2747 fidei

150 2769 399 2855 praesumptione
417 2768 526 2847 senile,
553 2779 575 2810 ‘⁴
591 2768 661 2833 Hos
676 2770 775 2854 pedes
792 2782 864 2834 tuos
886 2768 1109 2855 ymaginarios,
1126 2768 1181 2855 qui
1195 2792 1288 2835 veros
1337 2839 1339 2842 ,

148 2870 282 2945 tangere
305 2880 368 2921 non
391 2857 502 2935 merui,
519 2880 583 2920 non
605 2856 775 2935 dimittam,
799 2856 983 2957 priusquam
1004 2856 1147 2922 sanitatis
1166 2856 1290 2942 optioni

151 2968 204 3009 me
226 2944 387 3024 restituas,
407 2945 479 3009 Rex
502 2957 537 3009 et
560 2945 686 3031 Martyr
712 2944 840 3011 Oswiue
862 2945 1032 3030 piissime.''
1080 2944 1124 3007 Et
1140 2966 1215 3009 ecce
1237 2944 1289 3011 his

149 3034 253 3108 dictis,
272 3033 360 3120 quasi
376 3055 516 3120 squamae
531 3032 713 3097 cecideruut
725 3033 765 3096 ab
780 3031 881 3096 oculis
896 3032 976 3116 ejus,
993 3044 1027 3096 et
1041 3031 1144 3096 visum
1151 3034 1220 3116 jam
1230 3055 1289 3118 per

148 3120 333 3208 quindecim
359 3122 427 3185 dies
453 3120 602 3185 amissum
626 3120 763 3205 recepit3
787 3133 821 3184 et
841 3120 943 3185 omnis
963 3119 1105 3204 corporis
1127 3120 1286 3199 molestia,

143 3208 242 3295 quasi
264 3208 368 3293 pulvis
383 3209 416 3272 in
436 3223 567 3273 ventum
589 3209 762 3294 projectus,
790 3207 956 3293 disparuit.
1017 3206 1158 3271 Domum
1180 3220 1289 3274 autem

150 3320 225 3361 cum
248 3297 312 3361 suis
322 3300 390 3385 jam
413 3297 646 3382 expergefactis
661 3297 754 3360 laetus
778 3310 810 3359 et
833 3319 927 3360 sanus
942 3294 1061 3371 rediit;
1088 3308 1121 3360 et
1138 3296 1287 3361 virtutem
1364 3352 1368 3355 .

157 3384 265 3448 Sancti
282 3384 435 3472 Martyris
446 3385 479 3447 in
494 3408 529 3449 se
544 3397 609 3448 tam
624 3381 872 3448 misericorditer
886 3395 1064 3470 expertam,
1080 3383 1226 3449 omnibus
1241 3384 1288 3448 in·

148 3471 256 3536 notuit
274 3474 390 3557 quibus
403 3472 522 3557 potuit.

168 3798 175 3835 ,Ι
243 3734 342 3801 CAP.
366 3734 558 3800 XIX-De
580 3737 726 3886 woligis-
732 3738 930 3885 ipcurcerato,
941 3754 1001 3816 per
1013 3735 1079 3815 ey‘us
1093 3736 1203 3797 merita

726 3844 745 3885 u
759 3844 787 3885 ο.

200 3995 360 4081 Tempore
386 3996 468 4082 regis
503 3996 655 4082 Stephani
687 3995 825 4084 Angliae,
856 4007 889 4059 et
923 3993 1075 4059 Germani
1104 3992 1217 4078 prioris
1247 3995 1289 4059 de

156 4082 392 4169 Tynemudthal,
404 4082 537 4169 contigit
549 4084 636 4171 quod
650 4106 744 4148 narro
755 4083 951 4147 miraculum.
999 4080 1073 4144 Fuit
1091 4081 1193 4146 Beato
1207 4082 1290 4168 Regi

88 4249 90 4254 ³
153 4182 188 4235 et
199 4169 326 4234 Martini
342 4171 482 4250 Oswiuo,
498 4196 578 4257 puer
592 4171 720 4259 quidam
735 4171 767 4234 in
782 4184 851 4235 arte
860 4168 1001 4255 piscandi
1015 4190 1144 4257 gnarus,
1160 4170 1288 4235 nomine

157 4256 350 4323 Leowricus.
397 4259 460 4323 Hic
482 4260 661 4347 aliquando,
678 4262 817 4323 instante
833 4259 978 4322 allecium
1001 4257 1170 4342 piscatura,
1186 4260 1288 4341 gratia

154 4345 297 4433 piscandi
312 4368 426 4410 navem
451 4347 560 4412 Sancti
579 4348 730 4432 Martyris
746 4346 1000 4433 Scardeburgam
1012 4345 1150 4420 direxit3
1166 4361 1199 4408 et
1214 4347 1289 4431 quia

155 4437 186 4497 in
210 4435 341 4519 captura
363 4435 495 4519 piscium
519 4435 682 4500 laxaverat
696 4436 788 4512 retia,
805 4448 838 4498 et
853 4456 964 4519 parurn
980 4432 1194 4516 prendiderat,
1211 4432 1289 4496 dum

155 4542 276 4596 moram
306 4523 487 4589 nonnullam
517 4524 561 4589 ibi
591 4522 721 4600 faceret,
749 4524 867 4588 Comes
896 4522 1075 4587 Cestrensis
1112 4520 1289 4586 Rannulsus

710 4632 728 4673 c
