3142 5159
290 458 339 523 ΦΩ
730 472 820 521 vrrs
849 469 987 522 osssiru

291 635 398 701 Sancti
418 635 567 722 Martyris
587 636 717 713 Oswini,
731 650 764 701 et
777 636 850 700 ideo
861 636 904 699 ad
916 648 1026 699 votum
1037 634 1232 699 solvendum
1247 656 1330 699 non
1341 634 1459 699 teneri.

289 722 507 787 Dissimulavit
530 722 637 811 itaque
666 726 818 788 Sanctum
841 724 941 801 adire,
967 738 1002 787 et
1032 721 1255 787 incontinenti
1299 721 1365 786 die
1393 722 1460 806 ipsa

287 811 384 875 facies
398 813 467 896 ejus
481 812 524 877 ad
538 812 654 876 collum
669 826 718 876 est
734 810 957 877 miserabiliter
968 824 1100 889 retorta,
1117 825 1152 875 et
1165 810 1265 875 facta
1282 824 1374 873 sunt
1386 830 1460 892 poe

287 898 406 999 teriora
419 900 499 987 ejus,
517 903 626 987 pejora
640 900 809 985 prioribus.
854 900 992 985 Impleta
1008 896 1138 963 tandem
1153 898 1240 963 facie
1260 901 1348 987 ejus
1367 898 1460 982 igno-

287 988 393 1065 minie,
415 988 510 1073 coepit
531 1008 675 1075 quoerere
693 1008 810 1052 nomeu
825 984 967 1065 Domini,
984 1002 1018 1051 et
1033 986 1216 1072 praesidium
1238 987 1378 1050 Sancti
1399 986 1460 1049 Os-

286 1076 372 1153 wini,
386 1098 444 1161 pro
458 1077 549 1162 cujus
566 1088 751 1177 contemptu
766 1076 883 1139 misera
894 1098 928 1140 se
943 1075 1010 1161 pati
1024 1074 1192 1151 sentiebat,
1208 1087 1248 1138 et
1268 1087 1458 1159 contemp-

287 1178 356 1228 tum
379 1164 566 1249 poenitentia
591 1186 742 1229 resarcire
769 1164 919 1228 velsero
944 1162 1121 1248 satagebat.
1178 1162 1278 1235 Quid
1311 1160 1458 1225 multa?

212 1296 216 1307 ·
289 1252 436 1317 Tandem
455 1274 584 1316 suorum
603 1265 637 1316 et
655 1251 787 1317 consilio
805 1264 840 1317 et
857 1249 1027 1338 adjutorio,
1047 1251 1090 1315 ad
1114 1251 1223 1314 Sancti
1237 1248 1457 1315 memoriam

288 1340 406 1416 delata,
426 1340 543 1403 ibidem
562 1339 594 1401 in
613 1338 726 1424 vigiliis
746 1356 779 1404 et
799 1338 995 1403 orationibus
1018 1358 1125 1403 coram
1142 1338 1301 1402 Martiris
1328 1336 1458 1401 scrinio

286 1440 402 1491 exacto
419 1425 535 1505 triduo,
556 1426 699 1491 sanitatis
715 1428 928 1512 integritatem
943 1426 1083 1511 recipere
1093 1428 1222 1502 meruit,
1239 1426 1290 1490 ad
1309 1425 1456 1490 laudem

287 1528 321 1579 ct
336 1514 468 1599 gloriam
488 1516 555 1601 ejus
573 1515 628 1601 qni
647 1514 740 1593 dixit,
763 1526 783 1557 ‘⁸
800 1514 991 1592 Percutiam,
1008 1528 1043 1578 et
1056 1534 1118 1597 ego
1133 1515 1253 1577 sanabo
1263 1516 1302 1591 ;’'
1339 1510 1453 1597 etqui

287 1625 345 1687 per
363 1603 551 1688 prophetam
565 1604 606 1667 ad
622 1618 697 1668 vota
714 1603 880 1668 reddenda
900 1602 1048 1667 hortatur
1069 1602 1189 1680 dicens,
1209 1610 1233 1643 “
1250 1602 1405 1666 Vovete
1419 1612 1454 1662 et

287 1690 413 1755 reddite
430 1691 571 1756 Donuno
587 1691 661 1757 Deo
675 1693 813 1757 vestro.”

288 1957 387 2023 CAP.
404 1958 722 2037 mlx-Qualiter
736 1958 847 2020 odana
860 1960 910 2022 sui
917 1965 1121 2037 patronatum
1131 1956 1265 2036 aliquis
1276 1956 1447 2027 incendia

604 2066 664 2126 per
677 2064 745 2109 eum
760 2048 875 2109 inludo
883 2048 1097 2127 personarit.

332 2217 463 2282 institor
477 2217 607 2303 quidam
624 2217 710 2281 Novi
724 2218 854 2283 Castelli
867 2218 1038 2303 municeps,
1051 2217 1182 2281 nomine
1195 2214 1440 2289 Faramannus,

291 2305 425 2369 Beatum
454 2305 576 2391 Regem
601 2320 633 2369 et
662 2306 840 2392 Martyrem
870 2306 1035 2372 Oswinum
1060 2304 1233 2370 affectuose
1256 2302 1437 2390 diligebat.

290 2392 329 2457 In
348 2392 494 2457 omnibns
510 2394 640 2480 agendis
655 2394 695 2459 de
714 2392 855 2459 Gloriosi
872 2394 1025 2479 Martyris
1040 2392 1201 2481 adjutorio
1213 2412 1435 2477 praesumens,

286 2495 356 2547 erat
382 2484 532 2567 prospere
555 2506 664 2573 agens.
712 2482 775 2546 Hic
801 2504 915 2546 navem
937 2482 1119 2569 aliqnando,
1144 2478 1239 2544 variis
1263 2479 1437 2545 mercibus

285 2582 442 2646 onustam,
463 2572 505 2635 ad
524 2572 649 2659 Anglos
672 2571 837 2637 Australes
860 2569 999 2654 dirigere
1020 2569 1201 2654 disponens,
1222 2570 1310 2653 prius
1335 2586 1433 2631 more

287 2659 381 2722 solito
409 2660 561 2724 Sanctum
586 2660 763 2746 Martyrem
790 2659 868 2723 adiit
880 2682 889 2735 3
916 2673 950 2721 et
976 2659 1046 2744 ejus
1070 2656 1220 2742 praesidio
1244 2676 1279 2721 sc
1302 2676 1431 2742 suaque

287 2747 522 2824 commendans,
549 2748 709 2811 candelam
735 2768 800 2810 uon
825 2747 983 2811 modicam
1007 2744 1206 2810 orbiculatim
1217 2741 1429 2818 involutam,

286 2834 381 2897 sacris
403 2834 554 2899 altaribus
577 2856 741 2899 accensam
764 2833 895 2919 optulit.
943 2834 1025 2898 lnde
1047 2834 1079 2896 in
1101 2832 1260 2896 officinam
1282 2833 1431 2897 sacrista

286 2944 359 2986 cum
388 2922 548 2988 sodalibus
578 2923 750 3001 divertens,
777 2936 892 3006 rogatu
919 2921 1058 2985 sacristae
1082 2916 1248 2985 refectioni
1279 2920 1428 2986 indulsit.
1482 2976 1484 2979 Α

291 3011 449 3075 Custodes
465 3035 542 3076 vero
560 3011 742 3076 monasterii
761 3010 795 3075 in
813 3013 881 3096 ejus
899 3010 1053 3097 obsequio
1068 3009 1226 3093 occupati,
1247 3023 1370 3073 etcum
1387 3028 1430 3070 eo

286 3099 405 3182 pariter
423 3100 548 3176 resecti,
565 3100 706 3163 candelas
721 3120 816 3187 super
830 3099 930 3162 altare
945 3098 1085 3161 ardentis
1099 3096 1190 3161 obliti
1205 3110 1290 3161 sunt.
1337 3096 1430 3160 Tan·

287 3186 360 3249 dem
375 3208 455 3249 unns
471 3209 581 3251 eornm
596 3187 739 3251 recolens
754 3185 878 3249 luminis
892 3208 954 3250 non
965 3186 1100 3249 extincti
1110 3184 1273 3263 incuriam,
1287 3181 1428 3249 mourut

288 3272 398 3348 oci0r3
422 3286 455 3337 et
474 3287 574 3338 totam
592 3288 629 3337 ut
647 3287 716 3339 erat
730 3274 907 3337 orbiculata
925 3274 1100 3350 candelam,
1121 3286 1156 3338 et
1172 3272 1315 3360 undique
1334 3275 1427 3338 flam·
1535 3305 1536 3312 κ

288 3383 373 3425 marn
388 3361 609 3425 inexhaustam
624 3361 764 3447 repperit
775 3363 956 3447 jacentem3
972 3375 1004 3425 et
1020 3362 1060 3426 de
1073 3360 1184 3425 altario
1195 3362 1310 3446 raptim
1326 3382 1426 3425 excu-

290 3447 340 3513 tit.
389 3450 453 3513 Sed
475 3450 581 3514 altaris
603 3450 809 3514 lintheamina
830 3451 871 3513 ab
895 3449 974 3537 ignis
997 3450 1096 3514 odore
1111 3463 1144 3513 et
1159 3448 1288 3513 laesione
1304 3449 1425 3513 intacta
1534 3489 1536 3514 ι

290 3537 498 3623 conspiciens,
518 3538 661 3603 miraculi
680 3539 822 3603 novitate
841 3559 1018 3623 percussus,
1035 3549 1190 3602 convocat
1204 3549 1338 3601 caeteros
1354 3558 1425 3601 cus-

290 3624 403 3703 todes3
430 3642 464 3691 et
487 3627 532 3692 eis
557 3626 713 3692 mirabilia
735 3646 801 3690 non
823 3627 925 3689 solum
941 3625 1051 3690 'verbis
1074 3624 1221 3703 innotuit,
1245 3625 1422 3689 sedetiam

290 3714 455 3778 oculorum
478 3715 671 3800 inspectione
695 3738 770 3778 vera
792 3736 862 3777 esse
884 3713 1123 3798 comprobavit3
1146 3727 1179 3777 et
1194 3713 1236 3777 ad
1250 3713 1423 3778 multorum

290 3802 435 3867 notitiam
458 3802 490 3865 in
512 3804 602 3867 brevi
630 3803 736 3865 Sancti
762 3800 914 3886 Martyris
936 3801 1095 3880 meritum,
1120 3824 1161 3866 ex
1184 3814 1249 3865 tam
1264 3801 1423 3886 stupendo

289 3888 375 3953 facto
391 3891 546 3975 pervenit.
593 3889 785 3953 Miraculum
800 3888 930 3975 quidem
945 3890 1039 3968 istud,
1057 3902 1210 3977 quantum
1226 3890 1267 3953 ad
1282 3888 1422 3953 historiae

288 3979 499 4061 superficiem,
523 4001 587 4043 non
609 3976 737 4041 inferius
761 4001 800 4044 eo
822 3977 909 4065 quod
928 3976 1065 4043 Gedeou
1088 3978 1119 4041 iu
1141 3979 1214 4043 area
1228 3978 1309 4043 sicca
1324 3976 1424 4041 vellus

290 4065 397 4131 videre
412 4066 530 4133 meruit
545 4066 717 4132 madidum.
