3142 5159
619 493 857 549 CUTHBERTI.

271 950 391 1035 [CAP.
407 951 681 1035 Itu-Quattuor
695 962 779 1019 rates
794 976 815 1020 a
827 963 1000 1038 tempestate
1014 958 1201 1025 liberaverit.

289 1178 374 1244 Inde
390 1189 476 1245 rates
493 1180 635 1268 quinque
652 1180 750 1248 morti
762 1180 904 1247 labendo
919 1184 1111 1270 propinquae

288 1266 497 1333 Pertulerant
513 1281 625 1334 ventos
641 1270 824 1358 fluctusque
838 1271 936 1335 maris
952 1270 1122 1337 violentos.

286 1355 359 1420 Jam
376 1355 489 1440 procul
506 1368 674 1442 apparent,
691 1357 779 1424 velut
795 1380 869 1423 aves
910 1356 1013 1444 urgite
1028 1371 1166 1435 narent3

285 1443 359 1508 Jam
376 1456 463 1508 mare
479 1446 660 1511 concissam
673 1444 796 1511 miseris
812 1382 964 1532 pateiecit
979 1446 1152 1536 abyssum:

287 1529 400 1596 Morte
413 1552 472 1597 sua
487 1532 567 1598 certi
582 1534 711 1619 riguere
726 1531 796 1598 salo
811 1534 976 1619 cooperti:

284 1617 339 1683 Tu
354 1618 478 1684 meritis
491 1641 637 1686 crescens
653 1623 687 1685 in
702 1620 799 1685 litore
814 1634 880 1686 stas
895 1621 1092 1701 adolescens,

285 1708 357 1771 Stas
373 1704 523 1795 equidem
540 1721 627 1774 totus
643 1706 772 1794 pietatis
784 1705 906 1774 viscere
921 1723 1039 1788 motus,

287 1793 390 1882 Inque
406 1794 511 1859 solum
528 1809 644 1862 stratus
654 1794 754 1862 mittis
770 1817 867 1883 super
882 1809 968 1862 astra
982 1808 1151 1883 precatus3

283 1882 439 1972 Dumque
454 1903 566 1969 preces
582 1884 689 1949 fundis
704 1897 877 1969 tempestas
892 1899 997 1951 cessat
1009 1886 1042 1949 in
1059 1882 1175 1965 undis3

287 1970 434 2036 Flamina
448 1985 629 2051 vertuntur,
646 1984 809 2059 terraeque
823 1983 909 2038 rates
924 1973 1128 2048 referuntnr3

285 2057 449 2125 Mortibus
465 2059 626 2139 abstracti,
642 2062 789 2151 gaudent
801 2059 834 2124 in
849 2059 946 2126 litora
955 2062 1046 2147 jacti.

286 2146 338 2212 Te
354 2159 498 2213 sanctum
514 2147 632 2226 fantur,
649 2150 787 2237 quirem
803 2147 923 2234 stupidi
938 2148 1158 2234 speculantur.

286 2233 346 2301 Me
358 2258 498 2323 quoque,
515 2236 695 2325 magnifice,
712 2258 840 2322 precor,
857 2236 1088 2325 omnipotentis
1104 2238 1216 2316 amice,

284 2322 361 2389 Duc
377 2324 418 2388 de
430 2326 600 2389 tormentis
616 2325 725 2390 mundi
743 2347 801 2409 per
812 2326 908 2390 inane
919 2325 1055 2392 furentis

290 2410 343 2476 Ad
359 2410 471 2498 patriae
486 2424 629 2497 portum,
646 2412 786 2499 paradisi
802 2411 924 2478 scilicet
939 2427 1058 2479 ortum.

244 2748 356 2832 [CAP
372 2748 566 2837 1²4-de
572 2752 710 2816 animam
724 2750 833 2817 Sancti
845 2718 1009 2819 Aidani'in
1017 2752 1124 2818 calum
1127 2752 1219 2835 serra·

595 2840 676 2904 cidit
689 2839 729 2904 ab
744 2840 872 2922 capelia

289 3062 449 3130 Pascebas
464 3084 585 3150 pecora
588 3064 657 3151 jam
672 3063 777 3129 noctis
792 3062 930 3149 pervigil
944 3063 1042 3141 hora3

176 3236 178 3239 Ι
289 3151 397 3216 Orans
411 3155 536 3218 intente
551 3152 751 3218 transcendis
767 3166 875 3218 terrea
888 3166 996 3218 mente
1009 3176 1018 3230 ;

293 3237 369 3313 Quo
384 3255 418 3305 tu
435 3240 591 3306 tendebas
603 3253 749 3306 sanctum
765 3241 903 3307 transire
917 3240 1061 3319 videbas,

288 3326 454 3417 Angelicis
469 3330 579 3395 castris
591 3351 699 3395 eomes
718 3330 823 3395 Aidnn
838 3329 960 3415 gaudet
974 3331 1008 3393 in
1024 3328 1128 3393 astris.

289 3414 355 3480 Fac
370 3429 456 3482 uteo
472 3416 602 3483 tendam
619 3417 698 3481 dum
714 3418 811 3483 morti
821 3421 897 3504 jura
908 3416 1094 3502 rependam,

289 3502 412 3593 Meque
426 3504 535 3571 ferens
550 3503 639 3570 coelis
654 3527 768 3571 manus
782 3517 923 3571 assumat
933 3502 1115 3570 Michaelis.

314 3839 430 3930 [CAP.
448 3840 711 3925 V1.]-Qaa1iter
725 3845 876 3910 itinerans
888 3843 972 3909 cibos
985 3862 1008 3908 a
1022 3839 1160 3907 Domus

636 3936 819 4015 perceperit.

296 4100 327 4166 Ο
342 4104 364 4169 J
365 4126 504 4171 uvenem
519 4106 610 4183 tenti,
626 4104 678 4169 cui
693 4128 751 4190 per
765 4105 894 4171 deserta
904 4104 1014 4184 vianti,

293 4191 383 4257 Dum
399 4216 495 4259 cruce
509 4215 570 4285 pro
587 4191 713 4278 Xpristi
726 4194 800 4282 (ita)
817 4192 952 4259 cruciari
968 4206 1001 4259 te
1017 4191 1156 4271 voluisti,

295 4280 446 4345 Perstans
458 4283 588 4368 jejunus
603 4280 745 4347 donatur
757 4280 799 4345 ab
814 4281 937 4347 aethere
952 4303 1089 4347 munus:

293 4366 380 4433 Nam
396 4371 516 4457 majore
531 4390 633 4449 mora,
649 4369 727 4433 dum
742 4368 851 4455 psallis
866 4371 1007 4457 vesperis
1022 4368 1113 4445 hora,

293 4452 364 4525 Dat
377 4474 453 4525 cum
465 4476 562 4525 carne
573 4456 705 4549 quidem
718 4454 778 4526 tibi
794 4477 912 4546 panem
929 4456 1080 4526 Christus
1094 4448 1140 4521 ibi
1163 4472 1214 4520 ern
1223 4471 1233 4531 ς
