3142 5159
723 474 818 523 VITA
845 470 986 523 SANCTI

407 636 486 702 Post
502 657 590 699 mare
604 632 767 720 placetum
782 633 867 698 redit
881 635 924 697 ad
939 646 972 698 te
987 633 1102 697 concio
1115 633 1271 701 1111111111
1355 610 1358 615 ⁵

407 724 457 789 Te
473 723 567 787 nimis
583 721 747 799 afflictum,
765 721 823 785 sed
834 721 960 785 nullum
975 744 1102 786 sumere
1119 721 1238 789 victum

406 812 473 876 Per
481 809 575 897 spatii
588 822 716 874 tantum
727 808 874 896 queritur
885 808 945 873 tibi
959 809 1056 872 fletus
1068 825 1246 877 amantum.

406 899 494 963 Turn
510 898 568 962 tibi
582 896 732 961 substrati
747 909 897 981 retegens
913 910 1088 961 stramenta
1102 898 1239 981 grabati,

407 985 559 1073 Quinque
573 985 703 1072 quidem
719 1006 825 1070 caepas
840 984 1024 1061 ostendens,
1041 984 1111 1047 baec
1126 986 1288 1054 referebas
1305 1014 1314 1053 1

411 1084 433 1121 “
451 1074 515 1137 Η10
531 1072 631 1151 cibus,
644 1073 695 1137 bic
712 1085 819 1158 potus,
836 1093 907 1136 sum
921 1083 1054 1159 gustans
1068 1071 1131 1137 ista
1146 1074 1277 1155 refotus,

408 1171 431 1204 “
449 1162 534 1226 Cum
550 1162 618 1226 sitis
630 1160 768 1238 arderet,
785 1160 843 1225 sed
859 1172 941 1224 etos
964 1158 1102 1224 sitiendo
1117 1160 1248 1244 rigeret,

407 1258 430 1291 “
448 1248 662 1313 Corrodendo
677 1268 791 1333 parum
806 1269 902 1311 succo
916 1248 1085 1311 recreabar
1099 1249 1141 1312 ab
1156 1250 1283 1316 barum.

409 1337 514 1402 “Vos
529 1336 640 1401 dulces
656 1336 733 1412 nati,
750 1336 864 1399 fratres
880 1336 914 1398 in
928 1356 1039 1398 amore
1054 1336 1194 1420 probati,

407 1434 429 1468 “
446 1424 497 1488 Re
512 1424 611 1487 modo
625 1423 780 1509 perfecta,
798 1435 971 1507 properate
986 1421 1127 1487 revisere
1142 1436 1246 1501 tecta3

406 1522 428 1554 “
448 1511 556 1576 Oretis
571 1534 632 1596 pro
647 1533 709 1587 ine,
726 1511 880 1596 quoniam
890 1510 1103 1596 jamjamque
1119 1511 1187 1575 scio
1203 1534 1255 1576 me

406 1609 429 1640 ‘⁶
447 1599 594 1683 Corpore
609 1596 810 1675 solvendum,
824 1618 918 1681 spero
932 1618 1027 1681 super
1042 1610 1130 1663 astra
1145 1600 1325 1666 ferendum.

407 1696 429 1729 “
447 1686 538 1749 Hinc
551 1684 583 1747 in
597 1686 669 1750 luce
686 1685 750 1749 Dei
765 1680 872 1748 lucem
887 1685 1046 1768 superabo
1057 1684 1144 1750 diei:

407 1779 429 1819 ‘⁶
446 1772 513 1837 Hic
528 1772 561 1835 in
576 1794 654 1859 pace
669 1773 755 1837 bona
770 1772 847 1836 vitae
862 1772 1003 1836 rutilabo
1019 1794 1159 1839 corona:

406 1869 428 1907 ‘⁶
446 1861 544 1925 Hanc
560 1862 632 1946 pius
647 1859 701 1925 ille
715 1860 817 1936 dabit,
833 1860 889 1947 qui
902 1859 983 1923 nulli
993 1860 1084 1942 justa
1098 1862 1250 1946 negabit3

407 1958 429 1991 ‘⁶
446 1947 521 2012 Rex
537 1950 589 2012 cui
605 1948 734 2025 certavi,
752 1948 905 2035 milesque
920 1946 1027 2011 fidelis
1044 1949 1158 2013 amavi.
1214 2008 1224 2019 ,

406 2044 428 2078 “
445 2036 505 2099 Est
519 2052 581 2113 res,
592 2058 613 2099 o
625 2037 703 2113 nati,
720 2058 838 2121 precor
852 2038 936 2099 hanc
951 2035 1117 2100 concedite
1132 2037 1228 2121 patri,

406 2131 428 2165 “
444 2123 524 2187 Post
538 2145 666 2188 cursum
681 2124 756 2186 vitae
772 2146 824 2187 me
839 2122 962 2188 scilicet
975 2123 1029 2187 hic
1040 2123 1190 2208 sepelite:

409 2220 431 2253 “
447 2210 512 2274 Hic
528 2212 660 2296 sepelite
676 2228 760 2295 perc,
777 2234 843 2297 qua
858 2212 959 2276 mansi
972 2211 1070 2275 corde
1085 2216 1207 2297 quieto,

405 2306 427 2339 “
444 2296 520 2374 Qua
535 2297 630 2360 michi
645 2312 869 2384 compunctus,
886 2322 951 2385 qna
968 2298 1099 2362 Christo
1113 2312 1244 2384 pectore
1254 2298 1398 2382 junctus,

408 2393 429 2427 “
449 2384 524 2459 Qua
537 2385 616 2449 flens
631 2388 825 2473 gaudebam,
842 2386 952 2450 sitiens
968 2386 1010 2450 ad
1025 2385 1145 2473 gaudia
1158 2387 1287 2465 flebam,

406 2481 427 2514 “
446 2472 520 2547 Qua
534 2472 674 2558 psalmos
689 2472 767 2552 dixi,
784 2474 931 2561 coeloque
946 2495 1004 2557 per
1017 2475 1126 2539 omnia
1141 2474 1207 2537 vixi
1220 2496 1229 2539 1

406 2569 427 2601 “
444 2561 536 2625 Hinc
558 2583 686 2648 quoque
709 2574 783 2647 post
806 2584 937 2627 cursum
954 2564 1024 2646 jam
1047 2562 1143 2626 101111
1157 2561 1199 2626 111
1213 2561 1338 2626 oethera
1351 2581 1420 2625 sur-

493 2671 587 2724 snm3

407 2745 431 2779 ‘⁶
448 2735 584 2818 Spiritus
601 2735 634 2799 in
645 2736 739 2813 coelo,
755 2757 834 2799 caro
851 2736 956 2801 Farne
971 2740 1115 2825 quiescat
1125 2735 1274 2803 auhelo.”

403 2823 490 2888 Tum
505 2823 619 2887 fratres
632 2836 781 2900 rnoerent,
796 2822 954 2911 terraeque
970 2827 1095 2891 ruendo
1110 2824 1288 2899 cohoerent,

405 2910 651 2997 Deplorantque
667 2912 741 2976 satis
752 2912 822 2995 jam
837 2914 985 2996 proxima
1000 2916 1113 2978 lunera
1129 2913 1228 2987 vatis3

405 2998 449 3063 Et
464 2998 694 3099 singultantum
706 3012 836 3064 resonat
849 3022 913 3063 vox
929 3002 991 3065 ista
1005 3012 1205 3086 precantum.

406 3097 427 3129 “
443 3086 545 3165 Α11111,
560 3098 671 3150 sancte
686 3098 790 3171 pater,
808 3088 883 3173 quia
898 3109 956 3151 nos
971 3088 1065 3152 dolor
1079 3088 1223 3170 implicat
1237 3098 1317 3161 ater,

404 3185 427 3217 “
443 3174 496 3238 De
512 3188 544 3238 te
553 3196 639 3236 nunc
651 3187 759 3237 certus
771 3196 830 3237 nos
847 3174 932 3250 audi,
950 3188 1070 3252 sancte,
1083 3176 1242 3250 misertus,

405 3271 427 3304 “
441 3261 515 3325 Jarn
531 3261 629 3323 modo
645 3260 790 3324 transibis
806 3263 861 3345 qui
879 3276 1070 3344 regnaturus
1082 3260 1194 3337 abibis,

405 3358 427 3391 “
443 3346 537 3411 Coelo
552 3346 702 3423 victurus,
721 3345 776 3409 sed
793 3346 885 3411 nobis
900 3348 965 3412 heu
982 3352 1167 3415 moriturus.

404 3446 426 3478 “
442 3434 532 3499 Hinc
547 3433 639 3497 simul
656 3455 794 3511 oramus,
812 3457 877 3521 qno
893 3436 1048 3520 respirare
1064 3458 1230 3522 queamus,

402 3533 424 3565 “
441 3522 542 3599 Quod
553 3520 669 3608 linquis
685 3535 789 3599 terrae,
806 3544 865 3586 nos
882 3524 1050 3588 nobiscum
1061 3528 1130 3588 sine
1145 3524 1248 3587 ferre:

404 3622 427 3655 “
444 3610 572 3679 Scilicet
585 3610 649 3674 hoc
665 3624 820 3688 sanctum,
834 3611 1006 3696 condigne,
1023 3632 1140 3696 corpus
1151 3607 1362 3675 humandum.

402 3709 423 3743 “
446 3696 528 3764 Haec
543 3719 608 3761 non
625 3697 728 3763 Farne
740 3698 836 3763 decet
851 3698 950 3763 terris
967 3712 1003 3763 ut
1018 3721 1153 3763 munera
1166 3697 1261 3763 celet.

403 3796 424 3828 “
441 3786 517 3863 Res,
534 3785 643 3869 digne,
661 3786 796 3849 celebris
812 3808 878 3849 non
895 3798 948 3851 est
961 3786 1126 3852 credenda
1140 3785 1290 3850 tenebris.

404 3873 609 3958 supplicibus
623 3871 741 3937 blande
756 3895 909 3957 responsa
923 3874 1032 3954 refers,
1049 3872 1240 3941 venerande.

404 3970 425 4004 “
445 3960 544 4035 Quod
556 3958 663 4045 petitis
679 3960 769 4024 vobis
785 3960 854 4025 lore
866 3984 932 4026 non
944 3983 1017 4027 reor
1032 3961 1110 4028 utile
1125 3959 1238 4025 vobis:

403 4058 425 4089 “
443 4048 497 4113 Ex
511 4048 574 4113 hoc
589 4060 739 4111 venturas
757 4048 846 4111 vobis
861 4071 924 4133 ego
940 4050 1075 4135 praescio
1091 4072 1200 4126 curas3

403 4145 425 4179 “
438 4137 523 4202 Nam
533 4139 586 4221 jus
602 4134 769 4214 laedentes,
788 4136 944 4216 scelerati,
958 4138 1078 4225 quique
1088 4150 1251 4213 nocentes,

402 4234 424 4268 “
442 4223 577 4311 Raptor,
592 4224 753 4311 perjurus,
769 4225 893 4312 praedo,
905 4225 967 4307 fur,
983 4226 1131 4314 latroque
1146 4224 1246 4293 diuus

400 4321 423 4357 ‘⁶
438 4312 561 4403 Effirgii
576 4312 686 4381 sedem
701 4313 763 4381 sibi
777 4313 881 4383 nostri
895 4315 1039 4400 corporis
1053 4314 1171 4394 rodem,

400 4409 422 4449 ‘⁶
437 4401 479 4470 Id
493 4400 521 4469 si
535 4400 703 4471 vobiscum
716 4403 842 4471 tumido
855 4404 1053 4494 requieverit
1066 4403 1183 4491 ipsum,
