<?xml version="1.0" encoding="UTF-8"?>
<!DOCTYPE html PUBLIC "-//W3C//DTD XHTML 1.0 Transitional//EN"
    "http://www.w3.org/TR/xhtml1/DTD/xhtml1-transitional.dtd">
<html xmlns="http://www.w3.org/1999/xhtml" xml:lang="en" lang="en">
 <head>
  <title>
</title>
<meta http-equiv="Content-Type" content="text/html;charset=utf-8" />
  <meta name='ocr-system' content='tesseract 3.04.00' />
  <meta name='ocr-capabilities' content='ocr_page ocr_carea ocr_par ocr_line ocrx_word'/>
</head>
<body>
  <div class='ocr_page' id='page_1' title='image "./miscellaneabiog02raingoog_0129.png"; bbox 0 0 3142 5159; ppageno 0'>
   <div class='ocr_carea' id='block_1_1' title="bbox 565 378 1256 457">
    <p class='ocr_par' dir='ltr' id='par_1_1' title="bbox 565 378 1256 457">
     <span class='ocr_line' id='line_1_1' title="bbox 565 378 1256 457; baseline 0.012 -18"><span class='ocrx_word' id='word_1_1' title='bbox 565 388 802 441; x_wconf 74' lang='lat' dir='ltr'><strong>cumanam.</strong></span> <span class='ocrx_word' id='word_1_2' title='bbox 1183 378 1256 457; x_wconf 87' lang='lat'><strong>109</strong></span> 
     </span>
    </p>
   </div>
   <div class='ocr_carea' id='block_1_2' title="bbox 232 550 1190 2999">
    <p class='ocr_par' dir='ltr' id='par_1_2' title="bbox 240 550 982 639">
     <span class='ocr_line' id='line_1_2' title="bbox 240 550 982 639; baseline 0 -21"><span class='ocrx_word' id='word_1_3' title='bbox 240 554 345 619; x_wconf 79' lang='lat' dir='ltr'><strong>Cures</strong></span> <span class='ocrx_word' id='word_1_4' title='bbox 362 550 507 635; x_wconf 87' lang='lat' dir='ltr'><strong>deponis,</strong></span> <span class='ocrx_word' id='word_1_5' title='bbox 524 562 558 617; x_wconf 90' lang='lat' dir='ltr'><strong>et</strong></span> <span class='ocrx_word' id='word_1_6' title='bbox 572 564 672 618; x_wconf 87' lang='lat' dir='ltr'><strong>temet</strong></span> <span class='ocrx_word' id='word_1_7' title='bbox 686 552 721 616; x_wconf 94' lang='lat' dir='ltr'><strong>in</strong></span> <span class='ocrx_word' id='word_1_8' title='bbox 736 565 829 617; x_wconf 84' lang='lat' dir='ltr'><strong>antra</strong></span> <span class='ocrx_word' id='word_1_9' title='bbox 842 554 982 639; x_wconf 83' lang='lat' dir='ltr'><strong>reponis.</strong></span> 
     </span>
    </p>

    <p class='ocr_par' dir='ltr' id='par_1_3' title="bbox 238 639 1152 804">
     <span class='ocr_line' id='line_1_3' title="bbox 238 639 1152 729; baseline -0.002 -22"><span class='ocrx_word' id='word_1_10' title='bbox 238 642 343 707; x_wconf 86' lang='lat' dir='ltr'><strong>Farne</strong></span> <span class='ocrx_word' id='word_1_11' title='bbox 358 640 489 729; x_wconf 93' lang='lat' dir='ltr'><strong>quidem</strong></span> <span class='ocrx_word' id='word_1_12' title='bbox 504 639 632 727; x_wconf 88' lang='lat' dir='ltr'><strong>repetis,</strong></span> <span class='ocrx_word' id='word_1_13' title='bbox 648 639 757 704; x_wconf 89' lang='lat' dir='ltr'><strong>sedem</strong></span> <span class='ocrx_word' id='word_1_14' title='bbox 782 663 822 704; x_wconf 90' lang='lat' dir='ltr'><strong>ue</strong></span> <span class='ocrx_word' id='word_1_15' title='bbox 836 640 1010 728; x_wconf 90' lang='lat' dir='ltr'><strong>locumque</strong></span> <span class='ocrx_word' id='word_1_16' title='bbox 1024 641 1152 729; x_wconf 89' lang='lat' dir='ltr'><strong>quietis,</strong></span> 
     </span>
     <span class='ocr_line' id='line_1_4' title="bbox 239 726 965 804; baseline -0.001 -11"><span class='ocrx_word' id='word_1_17' title='bbox 239 728 398 793; x_wconf 90' lang='lat' dir='ltr'>Omnibus</span> <span class='ocrx_word' id='word_1_18' title='bbox 413 740 541 804; x_wconf 88' lang='lat' dir='ltr'><strong>exutus,</strong></span> <span class='ocrx_word' id='word_1_19' title='bbox 560 741 595 791; x_wconf 94' lang='lat' dir='ltr'><strong>ut</strong></span> <span class='ocrx_word' id='word_1_20' title='bbox 609 726 714 792; x_wconf 88' lang='lat' dir='ltr'><strong>adires</strong></span> <span class='ocrx_word' id='word_1_21' title='bbox 729 738 772 791; x_wconf 83' lang='lat' dir='ltr'><strong>aet</strong></span> <span class='ocrx_word' id='word_1_22' title='bbox 795 748 850 791; x_wconf 87' lang='lat' dir='ltr'><strong>era</strong></span> <span class='ocrx_word' id='word_1_23' title='bbox 865 740 965 792; x_wconf 90' lang='lat' dir='ltr'><strong>tutus.</strong></span> 
     </span>
    </p>

    <p class='ocr_par' dir='ltr' id='par_1_4' title="bbox 238 813 1049 901">
     <span class='ocr_line' id='line_1_5' title="bbox 238 813 1049 901; baseline 0.005 -23"><span class='ocrx_word' id='word_1_24' title='bbox 238 815 389 892; x_wconf 87' lang='lat' dir='ltr'><strong>Quadam</strong></span> <span class='ocrx_word' id='word_1_25' title='bbox 404 816 488 880; x_wconf 86' lang='lat' dir='ltr'><strong>forte</strong></span> <span class='ocrx_word' id='word_1_26' title='bbox 502 813 582 893; x_wconf 88' lang='lat' dir='ltr'><strong>vice,</strong></span> <span class='ocrx_word' id='word_1_27' title='bbox 599 825 675 901; x_wconf 87' lang='lat' dir='ltr'><strong>post</strong></span> <span class='ocrx_word' id='word_1_28' title='bbox 685 815 785 879; x_wconf 88' lang='lat' dir='ltr'><strong>verba</strong></span> <span class='ocrx_word' id='word_1_29' title='bbox 800 813 911 879; x_wconf 85' lang='lat' dir='ltr'><strong>salutis</strong></span> <span class='ocrx_word' id='word_1_30' title='bbox 926 817 1049 894; x_wconf 76' lang='lat' dir='ltr'><strong>amica,</strong></span> 
     </span>
    </p>

    <p class='ocr_par' dir='ltr' id='par_1_5' title="bbox 237 900 954 981">
     <span class='ocr_line' id='line_1_6' title="bbox 237 900 954 981; baseline -0.001 -13"><span class='ocrx_word' id='word_1_31' title='bbox 237 902 292 968; x_wconf 88' lang='lat' dir='ltr'><strong>Ad</strong></span> <span class='ocrx_word' id='word_1_32' title='bbox 307 904 442 969; x_wconf 83' lang='lat' dir='ltr'>fratrum</span> <span class='ocrx_word' id='word_1_33' title='bbox 457 914 558 966; x_wconf 89' lang='lat' dir='ltr'><strong>coetus</strong></span> <span class='ocrx_word' id='word_1_34' title='bbox 573 901 649 966; x_wconf 86' lang='lat' dir='ltr'><strong>faris</strong></span> <span class='ocrx_word' id='word_1_35' title='bbox 663 902 808 966; x_wconf 91' lang='lat' dir='ltr'><strong>ludendo</strong></span> <span class='ocrx_word' id='word_1_36' title='bbox 822 900 954 981; x_wconf 85' lang='lat' dir='ltr'>facetus,</span> 
     </span>
    </p>

    <p class='ocr_par' dir='ltr' id='par_1_6' title="bbox 238 988 1155 1162">
     <span class='ocr_line' id='line_1_7' title="bbox 240 988 1155 1077; baseline 0.003 -23"><span class='ocrx_word' id='word_1_37' title='bbox 240 999 262 1031; x_wconf 90' lang='lat'><strong>“</strong></span> <span class='ocrx_word' id='word_1_38' title='bbox 280 990 349 1055; x_wconf 88' lang='lat' dir='ltr'><strong>Ista</strong></span> <span class='ocrx_word' id='word_1_39' title='bbox 363 1001 520 1077; x_wconf 83' lang='lat' dir='ltr'><strong>coquatur</strong></span> <span class='ocrx_word' id='word_1_40' title='bbox 536 1012 629 1076; x_wconf 86' lang='lat' dir='ltr'><strong>aqua,</strong></span> <span class='ocrx_word' id='word_1_41' title='bbox 646 1012 719 1076; x_wconf 87' lang='lat' dir='ltr'><strong>quae</strong></span> <span class='ocrx_word' id='word_1_42' title='bbox 736 988 880 1073; x_wconf 90' lang='lat' dir='ltr'><strong>pendens</strong></span> <span class='ocrx_word' id='word_1_43' title='bbox 897 989 1037 1056; x_wconf 88' lang='lat' dir='ltr'><strong>cernitur</strong></span> <span class='ocrx_word' id='word_1_44' title='bbox 1052 1012 1155 1068; x_wconf 78' lang='lat' dir='ltr'><strong>auca3</strong></span> 
     </span>
     <span class='ocr_line' id='line_1_8' title="bbox 238 1075 1046 1162; baseline 0.002 -21"><span class='ocrx_word' id='word_1_45' title='bbox 238 1086 260 1118; x_wconf 89' lang='lat'><strong>“</strong></span> <span class='ocrx_word' id='word_1_46' title='bbox 278 1078 414 1143; x_wconf 89' lang='lat' dir='ltr'><strong>Coctam</strong></span> <span class='ocrx_word' id='word_1_47' title='bbox 429 1099 485 1141; x_wconf 80' lang='lat' dir='ltr'><strong>vot</strong></span> <span class='ocrx_word' id='word_1_48' title='bbox 501 1076 599 1155; x_wconf 90' lang='lat' dir='ltr'><strong>edite,</strong></span> <span class='ocrx_word' id='word_1_49' title='bbox 615 1089 689 1162; x_wconf 92' lang='lat' dir='ltr'><strong>post</strong></span> <span class='ocrx_word' id='word_1_50' title='bbox 705 1100 796 1141; x_wconf 86' lang='lat' dir='ltr'><strong>esum</strong></span> <span class='ocrx_word' id='word_1_51' title='bbox 812 1098 894 1142; x_wconf 88' lang='lat' dir='ltr'><strong>nave</strong></span> <span class='ocrx_word' id='word_1_52' title='bbox 910 1075 1046 1143; x_wconf 86' lang='lat' dir='ltr'><strong>redite.&#39;&#39;</strong></span> 
     </span>
    </p>

    <p class='ocr_par' dir='ltr' id='par_1_7' title="bbox 238 1164 1069 1336">
     <span class='ocr_line' id='line_1_9' title="bbox 239 1164 1069 1250; baseline -0.001 -21"><span class='ocrx_word' id='word_1_53' title='bbox 239 1165 303 1229; x_wconf 89' lang='lat' dir='ltr'><strong>Sed</strong></span> <span class='ocrx_word' id='word_1_54' title='bbox 314 1177 543 1250; x_wconf 88' lang='lat' dir='ltr'><strong>postponentes</strong></span> <span class='ocrx_word' id='word_1_55' title='bbox 559 1186 673 1228; x_wconf 82' lang='lat' dir='ltr'>aucam</span> <span class='ocrx_word' id='word_1_56' title='bbox 688 1164 837 1229; x_wconf 86' lang='lat' dir='ltr'><strong>monaehi</strong></span> <span class='ocrx_word' id='word_1_57' title='bbox 852 1166 1069 1244; x_wconf 81' lang='lat' dir='ltr'><strong>comedentes,</strong></span> 
     </span>
     <span class='ocr_line' id='line_1_10' title="bbox 238 1250 946 1336; baseline 0.008 -21"><span class='ocrx_word' id='word_1_58' title='bbox 238 1251 424 1316; x_wconf 86' lang='lat' dir='ltr'><strong>Pereellunt</strong></span> <span class='ocrx_word' id='word_1_59' title='bbox 439 1253 496 1317; x_wconf 86' lang='lat' dir='ltr'><strong>irae</strong></span> <span class='ocrx_word' id='word_1_60' title='bbox 510 1252 604 1315; x_wconf 87' lang='lat' dir='ltr'><strong>maris</strong></span> <span class='ocrx_word' id='word_1_61' title='bbox 620 1250 833 1336; x_wconf 87' lang='lat' dir='ltr'><strong>impedientes</strong></span> <span class='ocrx_word' id='word_1_62' title='bbox 848 1251 946 1321; x_wconf 86' lang='lat' dir='ltr'><strong>abire.</strong></span> 
     </span>
    </p>

    <p class='ocr_par' dir='ltr' id='par_1_8' title="bbox 241 1338 1009 1426">
     <span class='ocr_line' id='line_1_11' title="bbox 241 1338 1009 1426; baseline 0.001 -22"><span class='ocrx_word' id='word_1_63' title='bbox 241 1338 339 1404; x_wconf 83' lang='lat' dir='ltr'><strong>Soevit</strong></span> <span class='ocrx_word' id='word_1_64' title='bbox 354 1338 472 1426; x_wconf 90' lang='lat' dir='ltr'><strong>ubique</strong></span> <span class='ocrx_word' id='word_1_65' title='bbox 486 1360 586 1418; x_wconf 88' lang='lat' dir='ltr'><strong>mare,</strong></span> <span class='ocrx_word' id='word_1_66' title='bbox 603 1361 669 1403; x_wconf 91' lang='lat' dir='ltr'><strong>non</strong></span> <span class='ocrx_word' id='word_1_67' title='bbox 685 1338 759 1402; x_wconf 86' lang='lat' dir='ltr'><strong>sivit</strong></span> <span class='ocrx_word' id='word_1_68' title='bbox 774 1362 829 1404; x_wconf 92' lang='lat' dir='ltr'><strong>eos</strong></span> <span class='ocrx_word' id='word_1_69' title='bbox 844 1361 1009 1405; x_wconf 86' lang='lat' dir='ltr'><strong>remeare:</strong></span> 
     </span>
    </p>

    <p class='ocr_par' dir='ltr' id='par_1_9' title="bbox 237 1425 1059 1515">
     <span class='ocr_line' id='line_1_12' title="bbox 237 1425 1059 1515; baseline 0.002 -25"><span class='ocrx_word' id='word_1_70' title='bbox 237 1425 308 1490; x_wconf 86' lang='lat' dir='ltr'><strong>Nee</strong></span> <span class='ocrx_word' id='word_1_71' title='bbox 322 1448 450 1491; x_wconf 90' lang='lat' dir='ltr'><strong>causam</strong></span> <span class='ocrx_word' id='word_1_72' title='bbox 466 1425 592 1511; x_wconf 92' lang='lat' dir='ltr'><strong>penitus</strong></span> <span class='ocrx_word' id='word_1_73' title='bbox 608 1438 787 1515; x_wconf 85' lang='lat' dir='ltr'><strong>agnoscunt</strong></span> <span class='ocrx_word' id='word_1_74' title='bbox 802 1426 940 1490; x_wconf 89' lang='lat' dir='ltr'><strong>criminis</strong></span> <span class='ocrx_word' id='word_1_75' title='bbox 954 1428 1059 1512; x_wconf 86' lang='lat' dir='ltr'><strong>hujus.</strong></span> 
     </span>
    </p>

    <p class='ocr_par' dir='ltr' id='par_1_10' title="bbox 239 1512 1051 1613">
     <span class='ocr_line' id='line_1_13' title="bbox 239 1512 1051 1613; baseline 0 -36"><span class='ocrx_word' id='word_1_76' title='bbox 239 1512 288 1577; x_wconf 93' lang='lat' dir='ltr'><strong>Ut</strong></span> <span class='ocrx_word' id='word_1_77' title='bbox 303 1526 426 1613; x_wconf 88' lang='lat' dir='ltr'><strong>septem</strong></span> <span class='ocrx_word' id='word_1_78' title='bbox 445 1513 588 1578; x_wconf 86' lang='lat' dir='ltr'><strong>Phoebus</strong></span> <span class='ocrx_word' id='word_1_79' title='bbox 604 1514 795 1578; x_wconf 86' lang='lat' dir='ltr'><strong>lustraverat</strong></span> <span class='ocrx_word' id='word_1_80' title='bbox 809 1514 913 1579; x_wconf 85' lang='lat' dir='ltr'><strong>aethra</strong></span> <span class='ocrx_word' id='word_1_81' title='bbox 927 1513 1051 1591; x_wconf 88' lang='lat' dir='ltr'><strong>diebus,</strong></span> 
     </span>
    </p>

    <p class='ocr_par' dir='ltr' id='par_1_11' title="bbox 237 1598 999 1686">
     <span class='ocr_line' id='line_1_14' title="bbox 237 1598 999 1686; baseline 0.001 -22"><span class='ocrx_word' id='word_1_82' title='bbox 237 1598 302 1679; x_wconf 92' lang='lat' dir='ltr'><strong>Tu,</strong></span> <span class='ocrx_word' id='word_1_83' title='bbox 318 1623 389 1686; x_wconf 83' lang='lat' dir='ltr'><strong>prus</strong></span> <span class='ocrx_word' id='word_1_84' title='bbox 405 1600 546 1678; x_wconf 89' lang='lat' dir='ltr'><strong>antistes,</strong></span> <span class='ocrx_word' id='word_1_85' title='bbox 563 1601 686 1665; x_wconf 88' lang='lat' dir='ltr'><strong>relevas</strong></span> <span class='ocrx_word' id='word_1_86' title='bbox 702 1600 856 1665; x_wconf 85' lang='lat' dir='ltr'><strong>solamine</strong></span> <span class='ocrx_word' id='word_1_87' title='bbox 871 1600 999 1665; x_wconf 86' lang='lat' dir='ltr'><strong>tristes:</strong></span> 
     </span>
    </p>

    <p class='ocr_par' dir='ltr' id='par_1_12' title="bbox 236 1686 1189 2028">
     <span class='ocr_line' id='line_1_15' title="bbox 237 1686 1168 1774; baseline 0.001 -23"><span class='ocrx_word' id='word_1_88' title='bbox 237 1686 292 1766; x_wconf 83' lang='lat' dir='ltr'><strong>Et,</strong></span> <span class='ocrx_word' id='word_1_89' title='bbox 311 1696 333 1730; x_wconf 89' lang='lat'><strong><em>“</em></strong></span> <span class='ocrx_word' id='word_1_90' title='bbox 344 1688 453 1774; x_wconf 52' lang='lat' dir='ltr'><strong>quid?</strong></span> <span class='ocrx_word' id='word_1_91' title='bbox 470 1689 525 1766; x_wconf 90' lang='lat' dir='ltr'><strong>ais,</strong></span> <span class='ocrx_word' id='word_1_92' title='bbox 545 1696 567 1730; x_wconf 86' lang='lat'><strong>“</strong></span> <span class='ocrx_word' id='word_1_93' title='bbox 581 1688 708 1765; x_wconf 91' lang='lat' dir='ltr'><strong>mirum,</strong></span> <span class='ocrx_word' id='word_1_94' title='bbox 724 1689 751 1750; x_wconf 90' lang='lat' dir='ltr'><strong>si</strong></span> <span class='ocrx_word' id='word_1_95' title='bbox 766 1686 858 1752; x_wconf 92' lang='lat' dir='ltr'><strong>vobis</strong></span> <span class='ocrx_word' id='word_1_96' title='bbox 873 1699 923 1752; x_wconf 90' lang='lat' dir='ltr'><strong>est</strong></span> <span class='ocrx_word' id='word_1_97' title='bbox 931 1708 1021 1752; x_wconf 91' lang='lat' dir='ltr'><strong>mare</strong></span> <span class='ocrx_word' id='word_1_98' title='bbox 1035 1686 1168 1753; x_wconf 78' lang='lat' dir='ltr'><strong>dirum?</strong></span> 
     </span>
     <span class='ocr_line' id='line_1_16' title="bbox 238 1768 1189 1859; baseline 0.001 -22"><span class='ocrx_word' id='word_1_99' title='bbox 238 1773 393 1839; x_wconf 88' lang='lat' dir='ltr'><strong>Nostrum</strong></span> <span class='ocrx_word' id='word_1_100' title='bbox 406 1768 626 1859; x_wconf 83' lang='lat' dir='ltr'><strong>contemptum</strong></span> <span class='ocrx_word' id='word_1_101' title='bbox 642 1797 727 1838; x_wconf 90' lang='lat' dir='ltr'><strong>nunc</strong></span> <span class='ocrx_word' id='word_1_102' title='bbox 744 1774 885 1839; x_wconf 89' lang='lat' dir='ltr'><strong>vindicat</strong></span> <span class='ocrx_word' id='word_1_103' title='bbox 898 1775 961 1839; x_wconf 87' lang='lat' dir='ltr'><strong>hoc</strong></span> <span class='ocrx_word' id='word_1_104' title='bbox 976 1774 1189 1851; x_wconf 86' lang='lat' dir='ltr'><strong>elementum3</strong></span> 
     </span>
     <span class='ocr_line' id='line_1_17' title="bbox 236 1861 1028 1948; baseline 0.003 -23"><span class='ocrx_word' id='word_1_105' title='bbox 236 1862 294 1925; x_wconf 88' lang='lat' dir='ltr'><strong>Vis</strong></span> <span class='ocrx_word' id='word_1_106' title='bbox 308 1861 386 1928; x_wconf 87' lang='lat' dir='ltr'><strong>furit</strong></span> <span class='ocrx_word' id='word_1_107' title='bbox 400 1862 526 1942; x_wconf 87' lang='lat' dir='ltr'><strong>infesta,</strong></span> <span class='ocrx_word' id='word_1_108' title='bbox 539 1862 614 1948; x_wconf 90' lang='lat' dir='ltr'><strong>quia</strong></span> <span class='ocrx_word' id='word_1_109' title='bbox 628 1884 693 1926; x_wconf 91' lang='lat' dir='ltr'><strong>non</strong></span> <span class='ocrx_word' id='word_1_110' title='bbox 708 1876 759 1926; x_wconf 91' lang='lat' dir='ltr'><strong>est</strong></span> <span class='ocrx_word' id='word_1_111' title='bbox 773 1885 854 1927; x_wconf 90' lang='lat' dir='ltr'><strong>auca</strong></span> <span class='ocrx_word' id='word_1_112' title='bbox 868 1874 1028 1927; x_wconf 84' lang='lat' dir='ltr'><strong>comesta:</strong></span> 
     </span>
     <span class='ocr_line' id='line_1_18' title="bbox 236 1947 1050 2028; baseline 0 -15"><span class='ocrx_word' id='word_1_113' title='bbox 236 1949 390 2015; x_wconf 81' lang='lat' dir='ltr'><strong>Parentes</strong></span> <span class='ocrx_word' id='word_1_114' title='bbox 406 1950 547 2028; x_wconf 89' lang='lat' dir='ltr'><strong>tandem,</strong></span> <span class='ocrx_word' id='word_1_115' title='bbox 564 1950 688 2027; x_wconf 86' lang='lat' dir='ltr'><strong>fratres,</strong></span> <span class='ocrx_word' id='word_1_116' title='bbox 705 1949 880 2014; x_wconf 85' lang='lat' dir='ltr'><strong>comedatis</strong></span> <span class='ocrx_word' id='word_1_117' title='bbox 895 1947 1050 2025; x_wconf 83' lang='lat' dir='ltr'><strong>eandem3</strong></span> 
     </span>
    </p>

    <p class='ocr_par' dir='ltr' id='par_1_13' title="bbox 232 2036 1007 2125">
     <span class='ocr_line' id='line_1_19' title="bbox 232 2036 1007 2125; baseline 0 -24"><span class='ocrx_word' id='word_1_118' title='bbox 232 2036 282 2102; x_wconf 90' lang='lat' dir='ltr'><strong>Ut</strong></span> <span class='ocrx_word' id='word_1_119' title='bbox 296 2037 439 2122; x_wconf 88' lang='lat' dir='ltr'><strong>parendo</strong></span> <span class='ocrx_word' id='word_1_120' title='bbox 452 2037 550 2101; x_wconf 86' lang='lat' dir='ltr'><strong>minas</strong></span> <span class='ocrx_word' id='word_1_121' title='bbox 566 2036 724 2125; x_wconf 89' lang='lat' dir='ltr'><strong>superetis</strong></span> <span class='ocrx_word' id='word_1_122' title='bbox 739 2059 821 2101; x_wconf 85' lang='lat' dir='ltr'><strong>nave</strong></span> <span class='ocrx_word' id='word_1_123' title='bbox 837 2037 1007 2105; x_wconf 88' lang='lat' dir='ltr'><strong>marinas.”</strong></span> 
     </span>
    </p>

    <p class='ocr_par' dir='ltr' id='par_1_14' title="bbox 236 2122 1043 2281">
     <span class='ocr_line' id='line_1_20' title="bbox 238 2122 1043 2210; baseline 0.004 -24"><span class='ocrx_word' id='word_1_124' title='bbox 238 2122 302 2188; x_wconf 90' lang='lat' dir='ltr'><strong>Res</strong></span> <span class='ocrx_word' id='word_1_125' title='bbox 318 2125 450 2190; x_wconf 85' lang='lat' dir='ltr'><strong>celebris</strong></span> <span class='ocrx_word' id='word_1_126' title='bbox 466 2124 562 2210; x_wconf 84' lang='lat' dir='ltr'><strong>digne</strong></span> <span class='ocrx_word' id='word_1_127' title='bbox 579 2147 652 2191; x_wconf 92' lang='lat' dir='ltr'><strong>cum</strong></span> <span class='ocrx_word' id='word_1_128' title='bbox 663 2126 732 2210; x_wconf 89' lang='lat' dir='ltr'><strong>jam</strong></span> <span class='ocrx_word' id='word_1_129' title='bbox 747 2126 887 2189; x_wconf 86' lang='lat' dir='ltr'><strong>ferveret</strong></span> <span class='ocrx_word' id='word_1_130' title='bbox 900 2123 942 2188; x_wconf 85' lang='lat' dir='ltr'><strong>ab</strong></span> <span class='ocrx_word' id='word_1_131' title='bbox 957 2126 1043 2209; x_wconf 88' lang='lat' dir='ltr'><strong>igne,</strong></span> 
     </span>
     <span class='ocr_line' id='line_1_21' title="bbox 236 2211 999 2281; baseline 0.007 -6"><span class='ocrx_word' id='word_1_132' title='bbox 236 2211 352 2277; x_wconf 89' lang='lat' dir='ltr'><strong>Carnis</strong></span> <span class='ocrx_word' id='word_1_133' title='bbox 364 2227 495 2277; x_wconf 86' lang='lat' dir='ltr'><strong>coctura</strong></span> <span class='ocrx_word' id='word_1_134' title='bbox 506 2212 672 2277; x_wconf 85' lang='lat' dir='ltr'><strong>monachis</strong></span> <span class='ocrx_word' id='word_1_135' title='bbox 688 2214 729 2277; x_wconf 88' lang='lat' dir='ltr'><strong>sit</strong></span> <span class='ocrx_word' id='word_1_136' title='bbox 743 2225 779 2277; x_wconf 92' lang='lat' dir='ltr'><strong>ut</strong></span> <span class='ocrx_word' id='word_1_137' title='bbox 794 2236 867 2277; x_wconf 84' lang='lat' dir='ltr'><strong>esca</strong></span> <span class='ocrx_word' id='word_1_138' title='bbox 880 2213 999 2281; x_wconf 86' lang='lat' dir='ltr'><strong>futura.</strong></span> 
     </span>
    </p>

    <p class='ocr_par' dir='ltr' id='par_1_15' title="bbox 235 2298 1125 2473">
     <span class='ocr_line' id='line_1_22' title="bbox 235 2298 1125 2387; baseline 0.001 -26"><span class='ocrx_word' id='word_1_139' title='bbox 235 2298 307 2364; x_wconf 87' lang='lat' dir='ltr'><strong>Nee</strong></span> <span class='ocrx_word' id='word_1_140' title='bbox 322 2322 413 2364; x_wconf 91' lang='lat' dir='ltr'><strong>mora</strong></span> <span class='ocrx_word' id='word_1_141' title='bbox 427 2302 567 2365; x_wconf 86' lang='lat' dir='ltr'><strong>fervores</strong></span> <span class='ocrx_word' id='word_1_142' title='bbox 581 2322 669 2364; x_wconf 86' lang='lat' dir='ltr'><strong>mare</strong></span> <span class='ocrx_word' id='word_1_143' title='bbox 685 2299 801 2387; x_wconf 86' lang='lat' dir='ltr'><strong>linquit</strong></span> <span class='ocrx_word' id='word_1_144' title='bbox 816 2313 849 2364; x_wconf 88' lang='lat' dir='ltr'><strong>et</strong></span> <span class='ocrx_word' id='word_1_145' title='bbox 864 2300 951 2364; x_wconf 87' lang='lat' dir='ltr'><strong>unda</strong></span> <span class='ocrx_word' id='word_1_146' title='bbox 966 2313 1125 2374; x_wconf 84' lang='lat' dir='ltr'><strong>tumores3</strong></span> 
     </span>
     <span class='ocr_line' id='line_1_23' title="bbox 235 2386 1049 2473; baseline 0.004 -23"><span class='ocrx_word' id='word_1_147' title='bbox 235 2386 357 2451; x_wconf 83' lang='lat' dir='ltr'><strong>Nubila</strong></span> <span class='ocrx_word' id='word_1_148' title='bbox 370 2401 546 2466; x_wconf 81' lang='lat' dir='ltr'><strong>rarescunt,</strong></span> <span class='ocrx_word' id='word_1_149' title='bbox 562 2388 736 2473; x_wconf 87' lang='lat' dir='ltr'><strong>sedataque</strong></span> <span class='ocrx_word' id='word_1_150' title='bbox 751 2387 853 2450; x_wconf 85' lang='lat' dir='ltr'><strong>flabra</strong></span> <span class='ocrx_word' id='word_1_151' title='bbox 867 2386 1049 2472; x_wconf 87' lang='lat' dir='ltr'><strong>quiescunt.</strong></span> 
     </span>
    </p>

    <p class='ocr_par' dir='ltr' id='par_1_16' title="bbox 237 2472 974 2562">
     <span class='ocr_line' id='line_1_24' title="bbox 237 2472 974 2562; baseline -0.003 -25"><span class='ocrx_word' id='word_1_152' title='bbox 237 2472 320 2538; x_wconf 90' lang='lat' dir='ltr'><strong>Nam</strong></span> <span class='ocrx_word' id='word_1_153' title='bbox 334 2498 398 2562; x_wconf 89' lang='lat' dir='ltr'><strong>qua</strong></span> <span class='ocrx_word' id='word_1_154' title='bbox 413 2474 571 2540; x_wconf 87' lang='lat' dir='ltr'><strong>mandasti</strong></span> <span class='ocrx_word' id='word_1_155' title='bbox 581 2476 650 2560; x_wconf 85' lang='lat' dir='ltr'><strong>jam</strong></span> <span class='ocrx_word' id='word_1_156' title='bbox 664 2477 777 2539; x_wconf 88' lang='lat' dir='ltr'><strong>fratres</strong></span> <span class='ocrx_word' id='word_1_157' title='bbox 793 2472 869 2537; x_wconf 86' lang='lat' dir='ltr'><strong>alite</strong></span> <span class='ocrx_word' id='word_1_158' title='bbox 879 2472 974 2558; x_wconf 87' lang='lat' dir='ltr'><strong>pasti,</strong></span> 
     </span>
    </p>

    <p class='ocr_par' dir='ltr' id='par_1_17' title="bbox 238 2560 980 2648">
     <span class='ocr_line' id='line_1_25' title="bbox 238 2560 980 2648; baseline -0.003 -23"><span class='ocrx_word' id='word_1_159' title='bbox 238 2560 287 2627; x_wconf 92' lang='lat' dir='ltr'><strong>Ut</strong></span> <span class='ocrx_word' id='word_1_160' title='bbox 301 2562 409 2627; x_wconf 87' lang='lat' dir='ltr'><strong>videre</strong></span> <span class='ocrx_word' id='word_1_161' title='bbox 424 2563 542 2627; x_wconf 90' lang='lat' dir='ltr'><strong>fretum</strong></span> <span class='ocrx_word' id='word_1_162' title='bbox 558 2562 664 2648; x_wconf 89' lang='lat' dir='ltr'><strong>sopito</strong></span> <span class='ocrx_word' id='word_1_163' title='bbox 680 2581 843 2626; x_wconf 90' lang='lat' dir='ltr'><strong>murmure</strong></span> <span class='ocrx_word' id='word_1_164' title='bbox 857 2560 980 2639; x_wconf 70' lang='lat' dir='ltr'><strong>lartum,</strong></span> 
     </span>
    </p>

    <p class='ocr_par' dir='ltr' id='par_1_18' title="bbox 235 2645 1190 2815">
     <span class='ocr_line' id='line_1_26' title="bbox 239 2645 1190 2736; baseline -0.002 -25"><span class='ocrx_word' id='word_1_165' title='bbox 239 2648 405 2714; x_wconf 85' lang='lat' dir='ltr'><strong>Scandunt</strong></span> <span class='ocrx_word' id='word_1_166' title='bbox 421 2649 609 2727; x_wconf 86' lang='lat' dir='ltr'><strong>naucellam,</strong></span> <span class='ocrx_word' id='word_1_167' title='bbox 626 2662 840 2736; x_wconf 85' lang='lat' dir='ltr'><strong>repetuntque</strong></span> <span class='ocrx_word' id='word_1_168' title='bbox 856 2671 915 2734; x_wconf 90' lang='lat' dir='ltr'><strong>per</strong></span> <span class='ocrx_word' id='word_1_169' title='bbox 929 2654 1052 2735; x_wconf 82' lang='lat' dir='ltr'><strong>aqu&#39;ora</strong></span> <span class='ocrx_word' id='word_1_170' title='bbox 1065 2645 1190 2711; x_wconf 88' lang='lat' dir='ltr'><strong>cellam.</strong></span> 
     </span>
     <span class='ocr_line' id='line_1_27' title="bbox 235 2735 976 2815; baseline -0.001 -15"><span class='ocrx_word' id='word_1_171' title='bbox 235 2735 373 2801; x_wconf 89' lang='lat' dir='ltr'><strong>Factum</strong></span> <span class='ocrx_word' id='word_1_172' title='bbox 387 2738 549 2815; x_wconf 88' lang='lat' dir='ltr'><strong>mirantes,</strong></span> <span class='ocrx_word' id='word_1_173' title='bbox 565 2750 597 2802; x_wconf 90' lang='lat' dir='ltr'><strong>et</strong></span> <span class='ocrx_word' id='word_1_174' title='bbox 612 2737 645 2801; x_wconf 91' lang='lat' dir='ltr'><strong>in</strong></span> <span class='ocrx_word' id='word_1_175' title='bbox 657 2738 714 2802; x_wconf 93' lang='lat' dir='ltr'><strong>illo</strong></span> <span class='ocrx_word' id='word_1_176' title='bbox 730 2749 762 2801; x_wconf 89' lang='lat' dir='ltr'><strong>te</strong></span> <span class='ocrx_word' id='word_1_177' title='bbox 777 2749 976 2814; x_wconf 87' lang='lat' dir='ltr'><strong>venerantes,</strong></span> 
     </span>
    </p>

    <p class='ocr_par' dir='ltr' id='par_1_19' title="bbox 236 2823 1057 2910">
     <span class='ocr_line' id='line_1_28' title="bbox 236 2823 1057 2910; baseline 0.001 -23"><span class='ocrx_word' id='word_1_178' title='bbox 236 2823 378 2889; x_wconf 88' lang='lat' dir='ltr'><strong>Consors</strong></span> <span class='ocrx_word' id='word_1_179' title='bbox 393 2840 585 2904; x_wconf 87' lang='lat' dir='ltr'><strong>sanctorum,</strong></span> <span class='ocrx_word' id='word_1_180' title='bbox 609 2823 661 2890; x_wconf 84' lang='lat' dir='ltr'><strong>fac</strong></span> <span class='ocrx_word' id='word_1_181' title='bbox 676 2839 712 2890; x_wconf 92' lang='lat' dir='ltr'><strong>ut</strong></span> <span class='ocrx_word' id='word_1_182' title='bbox 726 2835 881 2910; x_wconf 86' lang='lat' dir='ltr'><strong>precepta</strong></span> <span class='ocrx_word' id='word_1_183' title='bbox 895 2845 1057 2889; x_wconf 86' lang='lat' dir='ltr'><strong>sacrorum</strong></span> 
     </span>
    </p>

    <p class='ocr_par' dir='ltr' id='par_1_20' title="bbox 236 2909 962 2999">
     <span class='ocr_line' id='line_1_29' title="bbox 236 2909 962 2999; baseline 0.001 -25"><span class='ocrx_word' id='word_1_184' title='bbox 236 2909 314 2976; x_wconf 92' lang='lat' dir='ltr'><strong>Non</strong></span> <span class='ocrx_word' id='word_1_185' title='bbox 330 2911 508 2992; x_wconf 86' lang='lat' dir='ltr'><strong>obliviscar,</strong></span> <span class='ocrx_word' id='word_1_186' title='bbox 524 2935 584 2998; x_wconf 89' lang='lat' dir='ltr'><strong>per</strong></span> <span class='ocrx_word' id='word_1_187' title='bbox 598 2935 673 2999; x_wconf 86' lang='lat' dir='ltr'><strong>quae</strong></span> <span class='ocrx_word' id='word_1_188' title='bbox 688 2912 786 2978; x_wconf 89' lang='lat' dir='ltr'><strong>coelos</strong></span> <span class='ocrx_word' id='word_1_189' title='bbox 797 2911 962 2997; x_wconf 85' lang='lat' dir='ltr'><strong>adipiscar.</strong></span> 
     </span>
    </p>
   </div>
   <div class='ocr_carea' id='block_1_3' title="bbox 190 3209 1162 3385">
    <p class='ocr_par' dir='ltr' id='par_1_21' title="bbox 190 3209 1162 3385">
     <span class='ocr_line' id='line_1_30' title="bbox 190 3209 1162 3296; baseline 0.002 -21"><span class='ocrx_word' id='word_1_190' title='bbox 190 3209 305 3290; x_wconf 81' lang='lat' dir='ltr'><em>[CAP.</em></span> <span class='ocrx_word' id='word_1_191' title='bbox 322 3212 428 3278; x_wconf 87' lang='lat' dir='ltr'><strong>XXX</strong></span> <span class='ocrx_word' id='word_1_192' title='bbox 430 3212 680 3295; x_wconf 76' lang='lat' dir='ltr'><strong>VL]-Quanto</strong></span> <span class='ocrx_word' id='word_1_193' title='bbox 699 3223 820 3296; x_wconf 75' lang='lat' dir='ltr'><strong>spretus</strong></span> <span class='ocrx_word' id='word_1_194' title='bbox 833 3221 1045 3296; x_wconf 68' lang='lat' dir='ltr'><strong>tempsanum</strong></span> <span class='ocrx_word' id='word_1_195' title='bbox 1055 3222 1162 3295; x_wconf 81' lang='lat' dir='ltr'><strong>pertu-</strong></span> 
     </span>
     <span class='ocr_line' id='line_1_31' title="bbox 313 3302 1035 3385; baseline 0.003 -20"><span class='ocrx_word' id='word_1_196' title='bbox 313 3302 395 3380; x_wconf 80' lang='lat' dir='ltr'><strong>lerit,</strong></span> <span class='ocrx_word' id='word_1_197' title='bbox 411 3304 523 3385; x_wconf 83' lang='lat' dir='ltr'><strong>quidve</strong></span> <span class='ocrx_word' id='word_1_198' title='bbox 537 3306 647 3367; x_wconf 82' lang='lat' dir='ltr'><strong>desua</strong></span> <span class='ocrx_word' id='word_1_199' title='bbox 662 3304 819 3383; x_wconf 79' lang='lat' dir='ltr'><strong>sepultura</strong></span> <span class='ocrx_word' id='word_1_200' title='bbox 832 3305 1035 3368; x_wconf 77' lang='lat' dir='ltr'><strong>mandaverit.</strong></span> 
     </span>
    </p>
   </div>
   <div class='ocr_carea' id='block_1_4' title="bbox 234 3544 1084 4338">
    <p class='ocr_par' dir='ltr' id='par_1_22' title="bbox 235 3544 1047 3725">
     <span class='ocr_line' id='line_1_32' title="bbox 236 3544 1047 3636; baseline 0.004 -27"><span class='ocrx_word' id='word_1_201' title='bbox 236 3544 314 3611; x_wconf 89' lang='lat' dir='ltr'><strong>Post</strong></span> <span class='ocrx_word' id='word_1_202' title='bbox 325 3549 470 3636; x_wconf 88' lang='lat' dir='ltr'><strong>geminos</strong></span> <span class='ocrx_word' id='word_1_203' title='bbox 486 3571 613 3615; x_wconf 90' lang='lat' dir='ltr'><strong>menses</strong></span> <span class='ocrx_word' id='word_1_204' title='bbox 629 3548 662 3612; x_wconf 94' lang='lat' dir='ltr'><strong>in</strong></span> <span class='ocrx_word' id='word_1_205' title='bbox 678 3548 783 3613; x_wconf 90' lang='lat' dir='ltr'><strong>morbi</strong></span> <span class='ocrx_word' id='word_1_206' title='bbox 799 3547 919 3613; x_wconf 86' lang='lat' dir='ltr'><strong>decidis</strong></span> <span class='ocrx_word' id='word_1_207' title='bbox 935 3569 1025 3613; x_wconf 91' lang='lat' dir='ltr'><strong>enses</strong></span> <span class='ocrx_word' id='word_1_208' title='bbox 1038 3570 1047 3623; x_wconf 85' lang='lat'>3</span> 
     </span>
     <span class='ocr_line' id='line_1_33' title="bbox 235 3633 962 3725; baseline 0.003 -28"><span class='ocrx_word' id='word_1_209' title='bbox 235 3633 340 3699; x_wconf 87' lang='lat' dir='ltr'><strong>Carne</strong></span> <span class='ocrx_word' id='word_1_210' title='bbox 355 3635 508 3725; x_wconf 82' lang='lat' dir='ltr'><strong>fatigaris,</strong></span> <span class='ocrx_word' id='word_1_211' title='bbox 532 3636 678 3723; x_wconf 89' lang='lat' dir='ltr'><strong>coeloque</strong></span> <span class='ocrx_word' id='word_1_212' title='bbox 693 3636 806 3701; x_wconf 92' lang='lat' dir='ltr'><strong>dolore</strong></span> <span class='ocrx_word' id='word_1_213' title='bbox 821 3634 962 3721; x_wconf 87' lang='lat' dir='ltr'><strong>pararis:</strong></span> 
     </span>
    </p>

    <p class='ocr_par' dir='ltr' id='par_1_23' title="bbox 234 3720 1084 4338">
     <span class='ocr_line' id='line_1_34' title="bbox 238 3720 1043 3809; baseline 0.005 -26"><span class='ocrx_word' id='word_1_214' title='bbox 238 3720 302 3785; x_wconf 89' lang='lat' dir='ltr'><strong>Per</strong></span> <span class='ocrx_word' id='word_1_215' title='bbox 317 3736 382 3789; x_wconf 92' lang='lat' dir='ltr'><strong>tres</strong></span> <span class='ocrx_word' id='word_1_216' title='bbox 398 3724 595 3789; x_wconf 84' lang='lat' dir='ltr'><strong>ebdomadas</strong></span> <span class='ocrx_word' id='word_1_217' title='bbox 611 3726 710 3789; x_wconf 83' lang='lat' dir='ltr'><strong>fessus</strong></span> <span class='ocrx_word' id='word_1_218' title='bbox 722 3724 878 3809; x_wconf 87' lang='lat' dir='ltr'><strong>languore</strong></span> <span class='ocrx_word' id='word_1_219' title='bbox 892 3723 1043 3799; x_wconf 85' lang='lat' dir='ltr'><strong>cubabas,</strong></span> 
     </span>
     <span class='ocr_line' id='line_1_35' title="bbox 238 3806 1046 3901; baseline 0.004 -30"><span class='ocrx_word' id='word_1_220' title='bbox 238 3806 308 3873; x_wconf 89' lang='lat' dir='ltr'><strong>Nee</strong></span> <span class='ocrx_word' id='word_1_221' title='bbox 324 3822 433 3876; x_wconf 85' lang='lat' dir='ltr'><strong>tamen</strong></span> <span class='ocrx_word' id='word_1_222' title='bbox 448 3811 593 3877; x_wconf 91' lang='lat' dir='ltr'><strong>oblatum</strong></span> <span class='ocrx_word' id='word_1_223' title='bbox 611 3812 668 3877; x_wconf 91' lang='lat' dir='ltr'><strong>tibi</strong></span> <span class='ocrx_word' id='word_1_224' title='bbox 684 3812 730 3876; x_wconf 94' lang='lat' dir='ltr'><strong>vis</strong></span> <span class='ocrx_word' id='word_1_225' title='bbox 746 3834 835 3901; x_wconf 86' lang='lat' dir='ltr'><strong>aeger</strong></span> <span class='ocrx_word' id='word_1_226' title='bbox 846 3811 1046 3876; x_wconf 86' lang='lat' dir='ltr'><strong>famulatum.</strong></span> 
     </span>
     <span class='ocr_line' id='line_1_36' title="bbox 234 3895 1074 3987; baseline 0.004 -28"><span class='ocrx_word' id='word_1_227' title='bbox 234 3895 404 3963; x_wconf 85' lang='lat' dir='ltr'><strong>Circumiit</strong></span> <span class='ocrx_word' id='word_1_228' title='bbox 423 3899 565 3964; x_wconf 87' lang='lat' dir='ltr'><strong>Phoebus</strong></span> <span class='ocrx_word' id='word_1_229' title='bbox 576 3902 644 3987; x_wconf 90' lang='lat' dir='ltr'><strong>jam</strong></span> <span class='ocrx_word' id='word_1_230' title='bbox 660 3900 778 3965; x_wconf 89' lang='lat' dir='ltr'><strong>coelum</strong></span> <span class='ocrx_word' id='word_1_231' title='bbox 793 3899 934 3986; x_wconf 90' lang='lat' dir='ltr'><strong>quinque</strong></span> <span class='ocrx_word' id='word_1_232' title='bbox 949 3899 1074 3977; x_wconf 88' lang='lat' dir='ltr'><strong>diebus,</strong></span> 
     </span>
     <span class='ocr_line' id='line_1_37' title="bbox 237 3982 1084 4073; baseline 0.005 -28"><span class='ocrx_word' id='word_1_233' title='bbox 237 3982 308 4049; x_wconf 84' lang='lat' dir='ltr'><strong>Nec</strong></span> <span class='ocrx_word' id='word_1_234' title='bbox 319 3984 418 4049; x_wconf 93' lang='lat' dir='ltr'><strong>homo</strong></span> <span class='ocrx_word' id='word_1_235' title='bbox 434 4000 467 4052; x_wconf 89' lang='lat' dir='ltr'><strong>te</strong></span> <span class='ocrx_word' id='word_1_236' title='bbox 482 3986 567 4063; x_wconf 88' lang='lat' dir='ltr'><strong>visit,</strong></span> <span class='ocrx_word' id='word_1_237' title='bbox 584 4009 683 4073; x_wconf 90' lang='lat' dir='ltr'><strong>quare</strong></span> <span class='ocrx_word' id='word_1_238' title='bbox 698 4010 758 4051; x_wconf 89' lang='lat' dir='ltr'><strong>uec</strong></span> <span class='ocrx_word' id='word_1_239' title='bbox 773 4009 862 4051; x_wconf 84' lang='lat' dir='ltr'><strong>mare</strong></span> <span class='ocrx_word' id='word_1_240' title='bbox 878 3986 976 4049; x_wconf 90' lang='lat' dir='ltr'><strong>visere</strong></span> <span class='ocrx_word' id='word_1_241' title='bbox 991 3985 1084 4049; x_wconf 86' lang='lat' dir='ltr'><strong>sivit:</strong></span> 
     </span>
     <span class='ocr_line' id='line_1_38' title="bbox 238 4068 1039 4161; baseline -0.002 -26"><span class='ocrx_word' id='word_1_242' title='bbox 238 4068 347 4137; x_wconf 90' lang='lat' dir='ltr'><strong>Undis</strong></span> <span class='ocrx_word' id='word_1_243' title='bbox 361 4072 524 4153; x_wconf 90' lang='lat' dir='ltr'><strong>horrebat,</strong></span> <span class='ocrx_word' id='word_1_244' title='bbox 541 4074 714 4161; x_wconf 86' lang='lat' dir='ltr'><strong>flabrisque</strong></span> <span class='ocrx_word' id='word_1_245' title='bbox 731 4073 886 4139; x_wconf 91' lang='lat' dir='ltr'><strong>tumendo</strong></span> <span class='ocrx_word' id='word_1_246' title='bbox 901 4072 1039 4135; x_wconf 80' lang='lat' dir='ltr'><strong>furebat.</strong></span> 
     </span>
     <span class='ocr_line' id='line_1_39' title="bbox 236 4156 1079 4247; baseline 0.002 -26"><span class='ocrx_word' id='word_1_247' title='bbox 236 4156 314 4224; x_wconf 90' lang='lat' dir='ltr'><strong>Hac</strong></span> <span class='ocrx_word' id='word_1_248' title='bbox 326 4162 484 4226; x_wconf 85' lang='lat' dir='ltr'><strong>certando</strong></span> <span class='ocrx_word' id='word_1_249' title='bbox 498 4184 599 4239; x_wconf 89' lang='lat' dir='ltr'><strong>mora,</strong></span> <span class='ocrx_word' id='word_1_250' title='bbox 612 4161 825 4247; x_wconf 84' lang='lat' dir='ltr'><strong>temptamina</strong></span> <span class='ocrx_word' id='word_1_251' title='bbox 837 4160 901 4224; x_wconf 89' lang='lat' dir='ltr'><strong>fers</strong></span> <span class='ocrx_word' id='word_1_252' title='bbox 912 4156 1079 4242; x_wconf 63' lang='lat' dir='ltr'><strong>graviores</strong></span> 
     </span>
     <span class='ocr_line' id='line_1_40' title="bbox 238 4244 1082 4338; baseline 0.001 -28"><span class='ocrx_word' id='word_1_253' title='bbox 238 4244 377 4334; x_wconf 89' lang='lat' dir='ltr'><strong>Serpens</strong></span> <span class='ocrx_word' id='word_1_254' title='bbox 393 4249 540 4338; x_wconf 85' lang='lat' dir='ltr'><strong>antiquus</strong></span> <span class='ocrx_word' id='word_1_255' title='bbox 555 4249 655 4315; x_wconf 90' lang='lat' dir='ltr'><strong>modo</strong></span> <span class='ocrx_word' id='word_1_256' title='bbox 669 4249 742 4334; x_wconf 91' lang='lat' dir='ltr'><strong>plus</strong></span> <span class='ocrx_word' id='word_1_257' title='bbox 758 4246 818 4313; x_wconf 88' lang='lat' dir='ltr'><strong>tibi</strong></span> <span class='ocrx_word' id='word_1_258' title='bbox 832 4247 920 4311; x_wconf 83' lang='lat' dir='ltr'><strong>veuit</strong></span> <span class='ocrx_word' id='word_1_259' title='bbox 931 4245 1059 4334; x_wconf 88' lang='lat' dir='ltr'><strong>iniquus</strong></span> <span class='ocrx_word' id='word_1_260' title='bbox 1071 4270 1082 4322; x_wconf 91' lang='lat'>;</span> 
     </span>
    </p>
   </div>
   <div class='ocr_carea' id='block_1_5' title="bbox 235 4332 1066 4413">
    <p class='ocr_par' dir='ltr' id='par_1_24' title="bbox 235 4332 1066 4413">
     <span class='ocr_line' id='line_1_41' title="bbox 235 4332 1066 4413; baseline 0.005 -13"><span class='ocrx_word' id='word_1_261' title='bbox 235 4332 303 4401; x_wconf 83' lang='lat' dir='ltr'><strong>Sed</strong></span> <span class='ocrx_word' id='word_1_262' title='bbox 317 4334 378 4404; x_wconf 84' lang='lat' dir='ltr'><strong>tibi</strong></span> <span class='ocrx_word' id='word_1_263' title='bbox 393 4332 508 4409; x_wconf 78' lang='lat' dir='ltr'><strong>victori</strong></span> <span class='ocrx_word' id='word_1_264' title='bbox 521 4334 651 4408; x_wconf 78' lang='lat' dir='ltr'><strong>fuerant</strong></span> <span class='ocrx_word' id='word_1_265' title='bbox 664 4336 736 4413; x_wconf 74' lang='lat' dir='ltr'><strong>uaes</strong></span> <span class='ocrx_word' id='word_1_266' title='bbox 749 4332 836 4407; x_wconf 80' lang='lat' dir='ltr'><strong>bella</strong></span> <span class='ocrx_word' id='word_1_267' title='bbox 849 4333 972 4405; x_wconf 64' lang='lat' dir='ltr'><strong>dant</strong></span> <span class='ocrx_word' id='word_1_268' title='bbox 1063 4374 1066 4380; x_wconf 89' lang='lat'>·</span> 
     </span>
    </p>
   </div>
   <div class='ocr_carea' id='block_1_6' title="bbox 0 0 1576 5159">
    <p class='ocr_par' dir='ltr' id='par_1_25' title="bbox 0 0 1576 5159">
     <span class='ocr_line' id='line_1_42' title="bbox 0 0 1576 5159; baseline 0 0"><span class='ocrx_word' id='word_1_269' title='bbox 0 0 1576 5159; x_wconf 95' lang='lat' dir='ltr'><strong> </strong></span> 
     </span>
    </p>
   </div>
  </div>
 </body>
</html>
