3142 5159
570 542 707 597 saucrr
734 534 973 599 curasuarr.
1291 534 1341 617 75

193 710 302 775 Senex
319 706 416 797 igitur
426 730 493 771 una
507 729 579 773 cum
594 708 697 796 pueris
712 709 820 793 fugam
833 708 915 787 iniit,
932 709 1040 796 sicque
1054 734 1172 797 pueros
1188 713 1338 794 celandos

191 796 337 877 credidit,
356 821 389 861 se
400 794 459 883 [si]
475 795 559 881 ipsos
577 796 608 859 in
621 797 829 875 Britanniam,
845 820 1011 885 quousque
1028 800 1151 865 saevitia
1166 818 1336 888 parentum

191 884 400 962 obdormiret,
432 884 604 947 transferre
631 884 798 968 potuisset.
858 886 996 949 Veniens
1026 887 1124 971 igitur
1153 890 1194 966 ad
1225 908 1336 985 portus

191 975 287 1035 maris
311 994 382 1035 cum
406 972 521 1055 pueris,
540 996 603 1034 non
623 972 689 1035 sine
706 972 917 1035 admiratione
934 974 1075 1036 maxima
1091 998 1187 1060 super
1203 990 1334 1041 o'ccursu

192 1059 330 1123 mulieris
352 1060 605 1143 gratulabundus
622 1062 762 1143 expavit.
808 1060 930 1123 Videns
946 1061 991 1123 rei
1004 1076 1196 1146 proventum
1213 1087 1253 1127 ex
1272 1064 1335 1128 Dei

191 1147 404 1231 disposicione
419 1148 499 1221 fieri,
514 1162 646 1210 matrem
665 1170 727 1209 nna
743 1169 815 1210 cum
833 1147 901 1210 filio
917 1147 1100 1230 diligentius
1113 1151 1334 1233 amplexatur3

190 1248 223 1296 et
240 1247 355 1297 cuncta
370 1236 415 1297 eis
431 1238 608 1297 necessaria
622 1235 824 1313 abundanter
836 1234 1007 1314 ministrari
1022 1236 1109 1300 fecit.
1157 1240 1242 1302 Sene
1257 1262 1335 1321 ergo

191 1344 261 1383 cum
286 1322 392 1406 pueris
417 1323 480 1384 suis
504 1346 523 1384 a
547 1322 701 1384 nauclero
726 1324 800 1385 navi
816 1321 1012 1398 introducto,
1029 1346 1124 1408 quam
1141 1324 1234 1389 citius
1249 1348 1334 1390 sere-

190 1408 288 1470 nioris
312 1408 443 1472 lenitate
468 1421 500 1470 et
524 1410 686 1473 arridente
710 1424 877 1473 ventorum
889 1411 1101 1494 jocunditate,
1123 1412 1199 1476 mali
1214 1413 1333 1477 machi-

189 1516 245 1558 nas
261 1496 366 1559 erexit
380 1510 414 1559 et
429 1496 500 1559 vela
514 1496 655 1581 desuper
670 1496 846 1581 pendentia
857 1511 1025 1560 ventorum
1038 1499 1152 1584 gratiae
1164 1500 1334 1567 commisit.

193 1582 257 1655 Qui
286 1584 443 1650 sulcantes
466 1606 597 1669 aequora
619 1582 830 1667 pacatissima,
848 1583 923 1645 dum
940 1582 1045 1648 minus
1061 1584 1169 1666 aliqua
1183 1586 1333 1675 ingruere

188 1672 323 1733 adversa
346 1671 525 1743 crederent,
543 1671 692 1734 volvente
708 1683 780 1733 rota
796 1671 945 1747 fortunae,
963 1671 1058 1734 celeri
1076 1674 1260 1737 mutationis
1276 1676 1334 1739 im-

187 1773 265 1843 petu
291 1758 398 1821 subito
423 1758 583 1842 provenit,
609 1771 645 1822 ut
668 1758 822 1821 adversus
843 1757 1030 1841 navigantes
1054 1776 1151 1823 aestus
1168 1761 1331 1826 turbinum

188 1846 282 1907 nimis
306 1847 505 1929 importunus
523 1848 710 1933 insurgeret.
761 1846 878 1931 Sicque
894 1845 1006 1908 diebus
1022 1846 1144 1931 aliquot
1160 1861 1333 1932 tempestas

187 1934 327 1996 motibus
355 1933 591 2018 inquietissimis
618 1932 729 2018 viguit,
759 1932 832 2009 sed,
852 1932 1022 1996 ordinante
1050 1945 1129 1997 nutu
1156 1935 1331 2015 Creatoris,

187 2042 251 2083 non
268 2020 395 2084 modico
411 2021 519 2106 elapso
534 2034 679 2105 tempore
696 2018 891 2105 conquievit.

624 2330 742 2409 [car.
774 2332 885 2415 rra]

233 2556 364 2619 Interea
379 2555 458 2618 visio
483 2554 634 2619 mirabilis
650 2578 751 2640 puero
767 2573 895 2624 ostensa
910 2568 969 2633 est,
986 2557 1044 2620 sed
1059 2556 1126 2619 sive
1149 2558 1180 2619 in
1196 2577 1333 2641 corpore

186 2642 253 2707 sive
270 2656 363 2707 extra
384 2656 478 2719 esset,
503 2642 679 2728 ignoratur.
726 2642 908 2707 Videbatur
922 2643 1031 2729 itaque
1046 2644 1075 2706 ei
1090 2645 1177 2729 quod
1193 2646 1335 2709 anchore

187 2752 300 2794 eorum
315 2731 473 2817 usquead
497 2730 592 2795 maris
615 2752 690 2817 yma
705 2730 924 2807 descenderet,
942 2745 975 2793 et
995 2753 1071 2794 ecce
1086 2731 1199 2794 mirum
1216 2732 1248 2795 iu
1265 2748 1333 2796 mo'-

187 2820 264 2883 dum
288 2820 369 2882 vidit
393 2818 563 2884 anchoram
587 2819 678 2910 quasi
700 2819 864 2904 cujusdam
888 2818 1026 2883 domatis
1049 2818 1146 2906 tignis
1168 2832 1202 2883 et
1218 2822 1333 2905 tegulis

187 2907 310 2969 firmins
333 2906 500 2971 inbaercre.
547 2908 592 2970 At
616 2929 697 2990 puer
722 2906 871 2970 incredus
898 2908 976 2983 [ita]
1001 2908 1042 2969 de
1064 2905 1137 2969 navi
1161 2908 1220 2971 sub
1245 2908 1335 2971 festi-

187 2994 317 3058 natione
341 2994 550 3071 descendens,
575 2994 728 3057 anchorae
750 3016 818 3055 suae
840 2994 993 3075 ligaturas
1009 3006 1144 3056 conatur
1155 2994 1334 3071 absolvere,

186 3097 219 3146 et
234 3082 350 3145 domus
374 3085 474 3147 instar
496 3080 677 3165 apparentis
699 3080 862 3147 divellere.
912 3081 964 3143 Ad
985 3102 1081 3167 quem
1096 3080 1186 3165 quasi
1201 3081 1335 3147 colonus

186 3169 310 3234 excitus
337 3171 396 3233 snb
419 3170 516 3235 celeri
551 3170 735 3233 maturitate
759 3167 972 3251 progreditur,
1009 3170 1134 3253 etquis
1159 3168 1335 3256 habitaculi

186 3257 235 3321 sui
259 3256 361 3339 spolia
383 3258 537 3343 diriperet
567 3256 657 3342 quasi
685 3256 861 3320 indolendo
889 3255 1118 3342 conqueritur.
1179 3256 1334 3345 Forisque

186 3346 349 3429 prodiens,
365 3360 398 3409 et
411 3347 590 3415 comminus
614 3366 747 3429 puerum
772 3358 939 3417 contuens,
955 3344 1060 3407 statim
1085 3343 1117 3405 in
1133 3345 1244 3409 oscula
1257 3345 1332 3424 ruit,

186 3449 219 3497 et
234 3455 275 3495 ex
291 3432 402 3520 lingua
417 3454 516 3518 puero
532 3434 652 3515 agnito,
678 3430 807 3495 nomine
822 3432 955 3517 proprio
975 3430 1022 3493 illi
1036 3431 1155 3494 salutes
1170 3436 1334 3497 aeternita-

187 3520 226 3583 tis
250 3521 424 3605 adoptavit.
473 3530 495 3561 ‘⁶
513 3520 621 3583 Bene'’
645 3521 773 3604 inquam
803 3520 929 3594 “bena
961 3540 1044 3601 puer
1067 3516 1129 3601 pie,
1153 3519 1331 3600 adveneris,

187 3609 240 3693 qui
264 3630 476 3693 supernorum
510 3606 623 3669 civium
649 3628 792 3682 consors,
816 3607 891 3671 Deo
912 3605 1160 3689 praeordinante,
1178 3608 1332 3673 consistis

189 3696 254 3757 Diu
271 3697 356 3758 enim
374 3709 478 3759 estex
494 3716 558 3779 quo
575 3694 621 3757 tui
645 3694 799 3756 adventus
827 3715 923 3757 causa
946 3690 1022 3754 mihi
1038 3692 1185 3764 innotuit,
1203 3704 1237 3756 et
1252 3696 1331 3758 mihi

186 3797 218 3847 te
234 3785 265 3843 io
281 3782 340 3845 hiis
352 3784 497 3867 partibus
515 3781 653 3844 visurum
676 3782 780 3867 gratia
795 3781 905 3845 divina
921 3780 1075 3865 promisit.
1123 3779 1192 3843 Nec
1208 3781 1249 3845 de
1266 3796 1332 3847 tam
1411 3784 1414 3789 ’

185 3870 306 3933 insoliti
321 3886 454 3935 eventus
478 3890 573 3933 causa
588 3868 654 3952 jam
672 3884 807 3945 metuas,
830 3893 871 3943 eo
897 3867 985 3955 quod
1013 3888 1171 3950 corporeo
1186 3874 1330 3937 contuitu

185 3958 284 4020 modo
307 3960 445 4044 inspieiS,
469 3958 588 4021 futurae
612 3956 686 4020 vitae
709 3970 775 4020 tuae
801 3957 950 4041 exempla
966 3954 1172 4039 praefigurata
1195 3979 1331 4045 cognos-

185 4046 269 4128 cas?
316 4045 593 4142 Apprehensaque
617 4066 712 4107 manu
739 4044 830 4127 pueri
853 4045 945 4129 quasi
968 4043 1027 4106 sub
1046 4042 1175 4106 domate
1200 4066 1273 4109 cum
1290 4072 1330 4113 eo

184 4131 292 4209 subiit,
310 4146 342 4197 et
357 4134 418 4198 tria
433 4132 562 4212 vascula
577 4130 758 4195 admirandi
773 4134 880 4215 operis
891 4130 982 4215 pueri
998 4129 1145 4193 manibus
1159 4134 1331 4223 consigna.

183 4220 240 4297 vit,
266 4243 339 4306 quae
361 4221 496 4301 baccilia
511 4220 606 4283 heros
621 4218 675 4281 ille
687 4218 875 4286 nominavit.
922 4217 985 4286 Cui
1000 4216 1196 4303 subjungens
1210 4218 1329 4295 intulit.

182 4318 206 4351 ‘⁴
223 4308 302 4395 Epa,
327 4308 371 4372 mi
393 4322 478 4385 nate,
502 4307 563 4371 boc
580 4329 633 4369 vas
657 4304 715 4369 tibi
738 4306 876 4372 debetur
897 4306 929 4367 iu
943 4303 1120 4390 proprium,
1139 4317 1175 4368 et
1188 4303 1257 4374 dno
1278 4334 1331 4377 re-

183 4397 271 4483 liqua
294 4412 352 4461 tuo
375 4397 491 4461 cedent
514 4396 689 4479 magistr03
715 4393 786 4457 vide
809 4417 850 4459 ne
865 4408 956 4458 tuum
972 4414 993 4457 e
1008 4390 1227 4459 tedimittcs.ll
1258 4388 1330 4464 Βὸ.

183 4500 271 4553 mum
295 4506 375 4572 ergo
397 4484 518 4559 exiens,
543 4504 621 4546 mox
642 4479 821 4546 anchoram
840 4480 990 4566 absolsit,
1015 4495 1221 4566 puerumque
1248 4486 1331 4555 fite.
