3142 5159
269 474 321 549 58
713 484 809 539 vrrs
836 483 978 536 oswnu

272 655 362 746 quod
385 654 505 719 dicitur
529 653 583 719 Ad
606 650 746 717 Vincula
768 653 838 735 ipsa
859 646 974 713 mulier
997 645 1030 709 in
1052 641 1226 729 praesentia
1248 639 1421 728 Martyris,

271 744 366 811 solita
382 742 533 809 instantia
559 738 695 805 orationi
719 738 937 813 incumberet;
974 747 1008 800 et
1022 733 1101 797 dum
1125 730 1269 796 divinum
1284 730 1319 794 in
1342 752 1423 793 cou-

271 846 371 899 ventu
394 831 614 897 celebraretur
640 828 792 905 officium,
809 836 931 911 optatoe
952 821 1082 889 reddita
1095 818 1244 918 sospitati·
1260 820 1421 895 surrexit3

271 922 428 1008 uobisque
444 917 650 985 cernentibus
664 916 816 982 baculum
830 916 865 979 iu
887 910 1104 977 testimonium
1119 910 1262 974 sanitatis
1277 921 1423 991 acceptae

272 1010 467 1096 relinquens,
492 1030 566 1095 quae
588 1018 754 1090 repenset
777 1003 876 1069 tristis
892 1003 1074 1076 advenerat,
1091 997 1242 1098 gradiens
1263 1008 1298 1097 et
1311 994 1422 1097 bilaris

271 1097 428 1165 remeavit
443 1097 485 1163 ad
508 1095 653 1181 propria:
678 1095 747 1178 ipso
767 1092 922 1155 Sanctum
937 1111 1029 1154 suum
1053 1086 1170 1151 talibus
1185 1084 1361 1169 iusrgmbus
1384 1083 1423 1147 rl·

271 1186 437 1265 lustrante,
451 1185 507 1273 qui
518 1197 567 1251 est
583 1184 673 1249 Deus
685 1179 876 1248 benedictus
888 1178 921 1243 in
935 1177 1052 1244 secula.
1101 1176 1220 1243 Auru.

271 1450 371 1517 cAP.
394 1445 618 1515 xalta-Da
646 1446 784 1529 quddam
807 1444 915 1524 puella
944 1442 966 1507 cl
994 1445 1130 1507 morte
1156 1448 1280 1517 necata,
1307 1448 1339 1503 ct
1360 1461 1424 1522 per

611 1535 757 1601 Sanctum
775 1531 937 1597 Ostoiaam
950 1530 1093 1597 liberat.

318 1710 431 1777 Puella
449 1710 598 1797 quaedam
621 1709 663 1774 de
687 1708 908 1773 Northsetune
934 1704 1036 1771 atroci
1058 1705 1207 1769 daemone
1230 1702 1420 1777 vexabatur,

273 1823 346 1889 quae
362 1823 442 1887 quos
456 1798 612 1883 attingere
627 1809 766 1883 poterat,
785 1796 946 1880 unguibus
955 1809 988 1859 et
999 1816 1107 1858 morsu
1123 1791 1274 1857 laniabat.
1324 1790 1422 1854 Hanc

271 1906 422 1977 parentes
437 1890 495 1968 sui,
510 1888 550 1951 de
565 1888 673 1953 Sancti
690 1884 809 1949 maritis
824 1897 1066 1970 praesumentes,
1081 1882 1123 1946 ad
1135 1879 1288 1965 Martyris
1298 1878 1423 1943 duxere

273 1977 502 2063 praesentiam3
526 1986 559 2039 et
586 1975 707 2039 ibidem
723 1996 797 2037 cum
821 1972 858 2036 ea
873 1972 905 2036 in
929 1971 1074 2035 oratione
1102 1980 1338 2054 pernoctantes,
1364 1990 1423 2051 per

276 2065 387 2132 Sancti
402 2064 518 2129 merita
540 2076 652 2148 optato
667 2063 765 2148 potiti
781 2060 925 2125 sanitatis
949 2060 1117 2136 beneficio,
1134 2056 1276 2143 puellam
1298 2055 1424 2119 incolu-

272 2177 360 2219 mem
378 2154 524 2218 laetantes
539 2151 580 2215 ad
604 2149 734 2236 propria
749 2148 960 2216 reduxerunt.
1012 2147 1111 2222 Quod
1126 2146 1316 2210 miraculum
1338 2144 1423 2208 cele·

272 2244 376 2307 briter
401 2242 531 2317 factum,
549 2252 582 2303 et
606 2238 804 2303 sollemniter
819 2237 853 2301 in
875 2236 1009 2302 ecclesia
1023 2257 1132 2301 coram
1155 2234 1278 2320 populo
1292 2233 1424 2319 publice

272 2332 452 2407 recitatum,
477 2327 591 2393 litteris
614 2327 767 2391 mandare
783 2328 984 2401 curavimus3
1008 2341 1044 2389 ut
1060 2337 1236 2411 cognoscat
1257 2323 1424 2406 generatio

273 2418 386 2495 altera,
405 2419 491 2504 quod
509 2416 599 2480 Deus
629 2417 783 2480 Sanctum
801 2437 893 2479 suum
910 2414 1027 2479 talibus
1050 2412 1211 2478 illustrare
1226 2433 1292 2477 non
1308 2410 1424 2475 desiuit

273 2505 460 2591 insignibus,
478 2507 534 2592 qui
548 2516 598 2569 est
612 2503 800 2569 benedictus
815 2505 849 2567 iu
864 2502 981 2570 secula.
1030 2503 1149 2568 Auru.

547 2768 646 2832 err.
663 2768 869 2833 ruta-ne
883 2769 1017 2850 aarum
1030 2768 1158 2834 mm.

320 2942 484 3028 Tempore
500 2965 565 3028 quo
577 2943 707 3029 praefuit
720 2942 866 3007 ecclesiae
880 2942 922 3006 de
936 2940 1181 3005 Thinemudtha
1193 2942 1289 3007 Prior
1301 2943 1427 3009 Archa·

272 3031 350 3111 rius,
368 3034 417 3095 vir
429 3031 577 3115 ¹honestae
590 3032 673 3110 vitae,
691 3031 796 3095 clarus
811 3053 940 3118 genere,
958 3029 1048 3094 annis
1064 3042 1209 3095 maturus
1224 3043 1257 3095 et
1269 3032 1425 3109 moribus,

273 3119 492 3183 manifestavit
510 3120 600 3183 Deus
623 3119 753 3205 antiqua
768 3118 923 3183 miracula
937 3141 996 3182 sua
1010 3118 1052 3182 ad
1073 3118 1229 3183 bonorem
1243 3135 1276 3182 et
1288 3118 1426 3203 gloriam

276 3205 474 3272 Sanctissimi
490 3206 537 3269 sui
556 3207 654 3289 Regis
679 3220 712 3270 et
726 3206 881 3293 Martyris
898 3206 1031 3271 Oswini.
1079 3205 1301 3271 Manifestavit
1316 3221 1425 3272 autem

275 3296 331 3359 sic.
378 3293 520 3369 Quidam
536 3294 695 3357 aurifaber
707 3294 879 3376 ingenuus,
900 3294 1104 3359 Baldewinus
1120 3296 1261 3373 nomine,
1273 3295 1305 3358 in
1321 3300 1427 3385 cujus-

273 3382 355 3447 libet
369 3380 490 3445 metalli
513 3382 645 3445 scientia
667 3381 889 3467 peritissimus,
906 3383 1136 3469 aliquantulam
1153 3406 1276 3447 moram
1291 3384 1367 3448 fecit
1391 3386 1426 3448 in

273 3468 424 3557 praedicti
451 3468 570 3533 Prioris
586 3470 761 3557 obsequi03
787 3483 822 3534 ut
845 3471 982 3548 thecam,
996 3471 1029 3533 iu
1052 3471 1115 3557 qual
1132 3470 1287 3557 Martyris
1313 3473 1425 3538 Sancti

275 3581 391 3644 corpus
422 3558 619 3635 reconditur,
649 3558 743 3623 solito
764 3558 933 3623 decentius
960 3570 1094 3643 argento
1115 3561 1248 3624 vestiret
1273 3572 1306 3624 et
1331 3584 1423 3629 auro.

276 3646 341 3712 Die
353 3669 430 3712 vero
457 3646 566 3711 Sancti
583 3647 715 3724 Oswini,
733 3648 865 3711 eumad
884 3646 1000 3711 festum
1015 3646 1153 3731 populus
1176 3670 1219 3713 ex
1234 3670 1325 3712 more
1347 3672 1427 3713 con-

274 3746 427 3812 curreret,
455 3734 586 3820 quidam
614 3735 783 3799 Martirem
811 3734 1027 3799 oblationibus
1057 3747 1092 3799 et
1121 3734 1245 3800 devotis
1274 3738 1425 3821 precibus

274 3823 440 3887 humiliter
455 3822 668 3898 excolebant3
692 3822 745 3886 alii
768 3821 881 3886 refecti
896 3821 1087 3887 lautioribus
1102 3823 1214 3908 epulis,
1231 3824 1352 3889 lusibus
1374 3827 1425 3889 in·

275 3910 453 3974 tendebant
464 3921 497 3972 et
508 3910 602 3993 jocis
651 3911 734 3973 Cum
750 3923 859 3973 autem
873 3910 1076 3975 Baldewinus
1087 3934 1181 3976 voces
1196 3912 1377 3979 ludentium
1393 3928 1427 3979 et

276 3997 433 4062 tumultus
448 3996 600 4075 audisset,
617 3998 657 4061 ad
674 3997 894 4082 spectaculum
908 3998 1097 4063 festinanter
1111 4004 1268 4078 accurrit3
1284 4016 1317 4067 et
1327 4000 1427 4067 ostio·

274 4086 341 4149 lum
358 4106 427 4149 suae
442 4085 573 4148 fabricae
589 4087 694 4150 minus
710 4087 802 4151 caute
812 4086 983 4174 dereliquit
1005 4102 1161 4172 apertum.
1209 4090 1276 4154 Fur
1293 4091 1426 4178 quidam

274 4174 403 4237 interim
417 4173 495 4237 dicti
507 4171 661 4237 fabricam
677 4175 821 4251 artificis,
834 4199 908 4261 quae
924 4175 1077 4260 contigua
1092 4189 1161 4241 erat
1176 4179 1320 4243 ecclesiae
1334 4180 1426 4244 Mar·

275 4262 365 4349 tyris,
391 4262 528 4326 latenter
556 4263 652 4338 adiit;
677 4279 710 4327 et
729 4262 902 4349 ingressus,
933 4287 1064 4328 omnem
1092 4266 1304 4331 substantiam
1327 4291 1425 4354 quam

274 4363 406 4437 portare
436 4351 553 4435 potuit,
580 4350 720 4437 collegit,
753 4353 871 4437 rapuit,
896 4352 1043 4440 clamque
1064 4354 1227 4420 discessit.
1276 4355 1320 4420 Et
1349 4355 1426 4445 quia

274 4461 390 4524 pacem
414 4436 580 4524 Martyris,
599 4463 671 4527 quae
694 4439 803 4505 multis
819 4441 861 4505 ad
876 4439 974 4507 vitam
996 4441 1130 4526 profuit,
1147 4466 1229 4509 ausu
1251 4446 1425 4510 temerario

274 4527 416 4609 violant,
431 4527 626 4615 condignam
649 4531 715 4599 suis
729 4529 851 4597 meritis
866 4529 902 4596 in
923 4528 1030 4617 seipso
1044 4531 1145 4601 sensit
1165 4533 1312 4620 protinus
1326 4532 1425 4600 ultio
