3142 5159
540 446 652 499 accis
678 429 897 500 naraoaun.
1237 434 1286 503 35

135 616 250 683 nudus
266 624 345 693 erat,
361 624 396 679 et
411 613 536 698 frigoris
551 612 705 697 asperitas
725 612 815 679 abire
835 612 1037 677 nudum’uou
1048 613 1202 697 permisit,
1220 636 1284 681 non

124 728 235 771 amor
256 703 375 789 rapinae
396 702 455 767 sed
476 700 647 767 necessitas
669 699 816 765 instantis
830 699 927 785 fugas,
943 723 1017 787 quae
1033 700 1050 765 a
1066 700 1154 765 nudo
1165 696 1284 789 exequi

132 815 210 857 non
230 794 347 878 potuit,
372 787 540 857 dormienti
564 810 665 874 puero
688 788 848 854 cucullum
870 787 1031 853 nauticam
1053 786 1191 873 eripuit:
1218 791 1283 877 qua

135 880 345 947 Leouuricus
368 878 498 945 indutus
520 877 582 943 iter
604 875 736 961 arripuit
751 876 908 960 ignotum,
931 889 966 941 et
979 874 1075 954 rediit
1089 875 1224 942 celerius
1240 878 1283 943 ad

131 968 248 1033 natale
263 968 384 1033 solum:
408 978 442 1033 et
455 964 529 1033 Deo
545 978 578 1031 et
597 966 716 1031 Sancto
738 963 876 1050 Martyri
895 963 1025 1029 Oswino
1039 986 1098 1049 pro
1110 964 1166 1029 suia
1186 964 1282 1031 liber·-

133 1057 251 1121 ationc
280 1054 437 1139 stupenda
462 1052 665 1119 multimodas
692 1051 809 1136 gratias
835 1052 912 1136 egit,
941 1064 975 1117 et
999 1074 1058 1137 per
1080 1064 1183 1117 totam
1207 1076 1283 1138 pro-

134 1144 277 1209 vinciam
293 1144 423 1211 verbum
436 1155 501 1209 tam
513 1140 732 1207 admirandum
743 1139 842 1205 celeri
855 1139 1011 1208 relatione
1026 1139 1060 1203 in
1073 1138 1164 1205 brevi
1178 1139 1281 1205 divul-

137 1245 255 1317 gatum
270 1243 330 1295 est.
412 1258 415 1263 ·

135 1496 240 1563 CAP.
257 1497 523 1575 Xan-Quotus
533 1498 660 1579 qnidam
673 1497 718 1559 ad
724 1496 879 1576 feretrum
893 1495 959 1575 ejus
972 1494 1160 1575 portandum
1178 1496 1280 1577 indry-

530 1604 588 1647 nus
602 1603 664 1647 ease
674 1584 887 1663 perpenditur.

186 1758 331 1844 Contigit
346 1757 516 1844 aliquando
527 1754 832 1841 Northanymbriam
845 1753 981 1819 siccitati
994 1753 1121 1855 gravam
1135 1755 1277 1835 diutiori,
1316 1828 1320 1836 ,

137 1860 174 1912 et
188 1846 269 1913 illud
286 1846 507 1932 propheticum
526 1844 675 1929 gentibus
697 1841 757 1907 illis
781 1841 1035 1921 videriminar13
1061 1843 1280 1933 “seminastis

136 1934 285 2011 multum,
301 1947 335 2001 et
349 1932 496 2001 intulistis
511 1933 653 2018 parum.”
701 1931 814 2017 ltaque
827 1928 1019 1994 conveniunt
1033 1930 1066 1995 in
1082 1954 1181 1995 unum
1192 1954 1280 1997 com-

135 2021 357 2108 provinciales,
378 2035 412 2087 et
433 2020 475 2087 ad
490 2032 643 2086 consueta
663 2018 785 2104 praedia
810 2017 904 2092 Beati
928 2018 1029 2103 Regis
1058 2037 1093 2083 et
1122 2018 1278 2107 Martyris

139 2110 261 2177 Oswini
271 2109 474 2195 confugiunt3
494 2120 643 2195 rogantes
652 2106 766 2172 fratres
777 2106 852 2185 loci,
865 2118 902 2169 ut
917 2104 951 2171 in
967 2119 1066 2171 tantae
1081 2106 1278 2173 necessitatis

136 2197 273 2263 articulo
296 2195 494 2275 subveniant,
511 2210 545 2263 et
567 2217 681 2281 corpus
701 2194 811 2261 Sancti
827 2193 981 2280 Martyris
995 2194 1037 2259 ad
1052 2194 1276 2279 postulandam

136 2287 277 2373 pluviam
291 2286 442 2369 evehant.
489 2286 634 2350 instante
649 2284 757 2370 itaque
774 2281 954 2347 Dominicae
978 2281 1180 2348 Ascensionis
1195 2284 1278 2349 cele-

137 2375 266 2453 britate,
283 2397 326 2439 ex
340 2373 490 2441 condicto
509 2373 617 2439 Sancti
634 2371 788 2459 Martyris
803 2393 918 2455 corpus
937 2372 971 2434 in
986 2370 1187 2454 processione
1202 2394 1277 2459 por·

138 2475 223 2540 tant;
240 2474 273 2527 et
283 2463 324 2529 ad
336 2476 402 2529 tam
414 2464 502 2546 pium
511 2483 591 2525 onus
603 2458 822 2523 sustinendum
833 2459 948 2535 turbae,
965 2481 1038 2544 quae
1049 2472 1275 2539 convenerant,

137 2551 268 2616 alterius
283 2549 404 2615 vicibus
421 2572 454 2617 se
470 2547 621 2614 inclinant
633 2570 642 2622 ;
665 2568 730 2610 non
744 2559 781 2609 ut
795 2544 871 2611 fessi
885 2544 995 2632 requie
1010 2559 1205 2627 recreentur,
1219 2546 1278 2613 sed

139 2650 176 2701 ut
190 2638 299 2703 devoti
314 2636 346 2701 in
363 2636 508 2703 vehendo
527 2636 680 2701 Sanctum
701 2632 891 2717 glorientur.
936 2633 1085 2699 Accurrit
1100 2633 1182 2697 inter
1196 2634 1276 2701 alios
1371 2662 1374 2667 ·

139 2724 296 2813 quispiam
309 2723 516 2801 facinorosus,
540 2735 573 2787 et
589 2746 623 2787 se
637 2734 747 2787 sancto
763 2720 852 2785 oneri
867 2719 1027 2805 supponit.
1086 2719 1274 2808 Indignatus

145 2814 279 2878 Sanctus
294 2825 385 2876 tanto
400 2834 434 2875 se
449 2812 591 2897 pondere
605 2809 676 2874 fixit
693 2824 728 2873 ut
744 2809 785 2875 (le
800 2809 873 2873 loco
888 2809 920 2872 in
935 2832 1000 2896 quo
1015 2833 1049 2874 se
1068 2809 1188 2875 Sancto
1202 2833 1276 2897 sup·

138 2903 245 2987 posuit
260 2900 466 2976 facinorosus,
480 2898 610 2964 ulterius
621 2898 772 2983 progredi
786 2897 925 2961 ferentes
940 2897 1120 2963 nullatenus
1135 2911 1276 2983 possent.

140 2988 283 3076 Alicujus
298 2990 406 3089 itaque
421 2988 570 3064 sollertia,
584 2986 783 3071 deprehensa
805 3000 854 3048 est
869 2985 989 3049 insoliti
1003 2985 1153 3071 ponderis
1166 3008 1274 3065 causa,

138 3080 172 3142 'et
183 3090 291 3141 amoto
305 3077 495 3152 facinoroso,
514 3075 641 3160 Martyr
656 3098 690 3139 se
702 3072 845 3159 permisit
858 3073 977 3137 deferri
992 3072 1145 3138 facilitate
1159 3074 1274 3153 solita3

139 3178 172 3229 et
186 3165 348 3251 praemisso
365 3163 488 3249 judicio
504 3162 718 3228 misericordia
732 3174 781 3225 est
803 3161 965 3245 adjuncta,
982 3160 1086 3248 rigata
1100 3161 1186 3226 omui
1200 3160 1274 3248 pro'-

139 3254 239 3318 vincia
254 3276 295 3318 ex
309 3252 426 3339 pluviae
441 3252 631 3317 desideratae
647 3248 833 3315 inundantia
849 3247 939 3313 uberi
954 3249 1107 3314 insecutis.

140 3516 239 3582 CAP.
266 3517 563 3595 XXI.-Quomodo
595 3518 721 3598 qnidam
758 3516 921 3579 matus
950 3513 972 3577 d
1000 3517 1103 3578 dolore
1130 3518 1273 3597 denticant,

219 3608 345 3776 {m
362 3614 392 3671 ct
411 3613 525 3671 turam
542 3604 698 3684 sacacium,
723 3612 793 3665 ante
814 3603 1003 3682 sepulchrum
1024 3604 1091 3683 ejus
1117 3622 1214 3667 annua
1234 3608 1278 3667 sit

184 3867 222 3933 In
240 3867 434 3933 monasterio
453 3865 633 3952 saepedicti
658 3863 854 3931 Sanctissimi
876 3864 971 3949 Regis
991 3878 1022 3930 et
1040 3864 1194 3953 Martyris
1213 3865 1274 3932 Os-

142 3955 222 4033 wini,
242 3956 341 4020 frater
358 3956 489 4043 quidam
506 3953 633 4019 nomine
656 3955 797 4039 Symeon
816 3953 857 4016 de
879 3952 1109 4031 Huntenduna,
1129 3954 1273 4019 dentium

142 4044 248 4107 dolore
270 4042 389 4128 paritet
407 4056 441 4109 et
462 4042 622 4107 horrendo
644 4040 783 4107 faucium
806 4054 932 4107 tumore
954 4062 1181 4129 nonnunquam
1208 4055 1274 4107 tor-

140 4132 295 4219 quebatur
313 4130 438 4208 aeribs3
461 4144 494 4197 et
515 4129 583 4195 dies
601 4129 731 4214 jejunos
753 4142 787 4193 et
809 4142 919 4192 noctes
942 4129 1101 4193 insomnes
1120 4129 1270 4209 ducebat,

143 4242 204 4305 prae
228 4218 373 4303 augustii
396 4218 534 4293 doloris;
568 4217 622 4305 qui
645 4239 789 4282 crescens
813 4215 925 4294 indies,
950 4238 1014 4281 non
1036 4216 1133 4282 dabat
1156 4218 1272 4283 misero

142 4308 226 4373 fratri
241 4308 292 4371 vel
306 4320 559 4373 momentaneam
575 4306 728 4393 requiem.
777 4303 865 4378 Quid
881 4318 992 4391 ageret
1007 4305 1058 4369 vel
1073 4327 1137 4393 quc
1152 4328 1186 4370 se
1203 4329 1273 4370 ver-

142 4409 219 4461 teret
241 4395 412 4473 nesciebat,
430 4417 501 4459 cum
524 4393 665 4459 omnium
688 4392 932 4459 medicaminum
947 4392 1166 4477 experimenta
1182 4392 1271 4459 dolo·

143 4506 204 4548 rem
229 4484 330 4549 lenire
355 4484 406 4551 vel
429 4482 469 4549 ad
495 4483 605 4547 horam
629 4481 785 4568 nequiret.
834 4481 980 4545 Tandem
1000 4481 1041 4546 ad
1075 4480 1200 4564 patroni
1223 4482 1271 4546 sui
