3142 5159
572 460 683 538 naurs
710 486 931 537 namonunr.
1277 467 1326 533 23

178 647 277 714 Unde
300 648 343 713 ad
365 646 618 733 indignationem
641 662 748 714 motus
773 670 840 712 non
864 646 1035 724 modicam,
1061 645 1243 730 Angloru'm
1266 667 1325 710 rex

173 736 398 813 ferocissimus,
421 750 619 824 congregato
639 736 797 813 exercitu,
820 734 908 799 venit
922 734 964 797 ad
982 732 1114 797 Novum
1134 733 1322 810 Castellum,

174 822 262 907 quod
278 845 374 907 super
385 823 511 908 Tynam
526 823 659 887 fluvium
675 822 770 886 situm
785 836 846 903 est.
895 820 999 885 Scotti
1013 820 1131 907 quippe
1146 820 1326 885 universam

177 906 513 995 Nordthaymbrorum
523 908 717 993 provinciam
728 907 883 972 vastando
893 919 1111 992 peragrantes,
1126 906 1325 971 Dunelmum

175 1010 349 1071 venerant3
370 1010 403 1059 et
422 1018 495 1059 curn
514 1018 579 1059 non
596 1007 682 1060 esset
703 994 758 1081 qui
778 994 951 1070 resisteret,
971 1016 1036 1057 non
1055 993 1199 1078 pepercit
1214 994 1325 1057 oculus

174 1104 285 1145 eorum
311 1082 367 1146 ulli
399 1082 489 1146 sexui
511 1083 562 1146 vel
581 1081 776 1147 conditionis
801 1081 857 1144 sed
876 1081 1047 1145 audientes
1065 1102 1176 1163 regern
1197 1080 1325 1163 Angliae

173 1169 360 1246 adventare,
372 1170 459 1257 fugae
475 1168 625 1253 praesidio
640 1168 759 1234 animas
775 1190 847 1231 suas
862 1168 1052 1252 satagebant
1066 1168 1200 1231 salvare.
1249 1167 1324 1231 Rex

173 1254 281 1342 itaque
298 1269 334 1319 ut
349 1256 471 1320 dictum
487 1269 546 1333 est,
563 1255 675 1320 videns
690 1254 775 1319 mala
790 1277 862 1341 quae
878 1277 945 1318 suae
960 1254 1049 1339 genti
1068 1254 1252 1331 intulerant,
1271 1276 1326 1317 ve-

171 1342 355 1407 hementius
371 1342 517 1419 indoluit,
536 1355 568 1407 et
584 1366 639 1407 eos
651 1340 776 1427 insequi
789 1341 873 1405 otius
885 1342 1081 1427 properavit.
1122 1340 1230 1405 Nares
1246 1362 1325 1403 vero

173 1450 308 1493 numero
321 1429 552 1517 quinquaginta
569 1452 647 1517 quas
665 1428 752 1513 apud
764 1428 928 1493 Occiduos
946 1428 1070 1515 Anglos
1092 1427 1223 1491 triticeis
1241 1449 1326 1492 mer-

173 1517 262 1579 cibus
275 1529 416 1593 onustas,
432 1516 573 1581 Scotiam
586 1515 680 1599 dirigi
695 1528 906 1599 praeceperat,
923 1514 955 1577 in
970 1514 1059 1578 brevi
1075 1513 1108 1576 in
1123 1514 1206 1579 ostio
1221 1514 1325 1598 Tyuae

174 1602 315 1666 fluminis
338 1603 573 1687 applicuerunt.
622 1602 691 1665 Viri
714 1615 824 1665 autem
847 1601 902 1687 qui
927 1601 1061 1665 navibus
1088 1601 1223 1678 inerant,
1249 1600 1326 1686 quia

174 1710 251 1773 rege
262 1691 483 1773 proficiscente
493 1712 558 1753 non
570 1700 639 1753 erat
649 1690 703 1775 qui
713 1710 768 1752 eos
781 1688 958 1765 cohiberet,
970 1688 1136 1771 regionem
1148 1687 1325 1772 praedando

174 1790 383 1858 percurrunt;
409 1798 467 1839 nec
492 1776 586 1839 rebus
613 1774 645 1837 in
669 1774 821 1859 praesidio
849 1774 958 1838 Sancti
987 1774 1086 1857 Regis
1110 1788 1144 1838 et
1170 1774 1325 1859 Martyris

179 1861 299 1925 Oswini
315 1862 468 1946 depositis
482 1874 629 1946 parcunt.
668 1861 828 1934 Quaedam
843 1860 961 1960 quippe
976 1861 1093 1937 vetula,
1110 1884 1184 1947 quae
1196 1883 1324 1945 gressus

170 1948 274 2011 aniles
294 1949 410 2012 baculo
428 1950 639 2025 sustentabat,
660 1948 759 2012 telam
778 1949 936 2012 modicam
960 1960 1119 2024 texuerat,
1142 1960 1176 2011 et
1196 1969 1325 2011 omnem

174 2056 265 2118 spem
284 2057 400 2099 annuae
415 2034 622 2102 exhibitionis
638 2033 697 2098 sibi
713 2033 747 2097 in
762 2035 801 2097 ed
815 2033 1034 2099 constituerat.
1091 2034 1185 2098 Hanc
1200 2033 1231 2097 ei
1247 2057 1326 2097 nau-

175 2121 256 2185 ticus
275 2122 387 2205 praedo
403 2122 444 2185 de
459 2121 604 2185 manibus
620 2135 764 2206 ereptam
780 2120 923 2198 abstulit,
940 2134 974 2185 et
993 2120 1066 2185 navi
1081 2144 1190 2185 secum
1205 2121 1324 2199 intulit.

176 2208 262 2281 Quae
277 2209 357 2271 flens
373 2222 406 2271 et
421 2209 552 2294 ejulans,
565 2209 608 2271 ob
623 2208 837 2273 reverentiam
852 2207 961 2271 Sancti
976 2208 1108 2271 Patroni
1124 2208 1172 2271 sui
1192 2207 1322 2284 Oswini‚

173 2295 233 2357 sibi
247 2294 340 2358 reddi
356 2296 453 2359 telam
465 2318 555 2358 suam
570 2295 671 2359 multa
684 2316 780 2379 prece
796 2309 830 2358 et
841 2293 1073 2358 miserabilibus
1082 2294 1219 2359 lacrimis
1231 2317 1325 2381 roga·

175 2380 239 2455 vit3
260 2381 403 2445 sedeam
422 2394 456 2446 et
471 2395 644 2466 patronum
657 2381 769 2465 praedo
787 2382 943 2466 superbus
964 2382 1123 2465 despexit.
1172 2382 1231 2445 Illa
1245 2380 1324 2444 verb

174 2467 399 2532 monasterium
421 2470 529 2532 Sancti
548 2467 701 2553 Martyris
721 2490 786 2553 quo
805 2468 911 2552 potuit
931 2469 1042 2531 annisu
1057 2468 1214 2553 pervenit,
1232 2481 1264 2532 et
1279 2468 1325 2532 ibi

176 2556 332 2618 Sanctum
351 2555 593 2637 importunitate
612 2553 687 2617 anili
702 2553 807 2637 petiit,
834 2553 991 2640 quaesivit,
1008 2554 1157 2638 pulsavit,
1174 2554 1323 2641 quatinus

174 2642 272 2705 telam
284 2640 344 2704 sibi
355 2641 525 2715 redderet;
541 2652 575 2704 et
586 2640 627 2703 de
640 2636 758 2705 caetero
770 2641 801 2704 ei
810 2640 995 2717 vindictam,
1013 2655 1049 2704 ut
1061 2641 1155 2718 hosti,
1168 2641 1328 2705 retribuet

174 2727 421 2790 commendavit.
457 2728 547 2790 Deus
563 2740 682 2802 autern,
697 2728 750 2812 qni
760 2725 929 2792 viduarum
941 2726 1085 2791 lacrimas
1097 2750 1164 2792 non
1177 2728 1324 2813 despicit,

173 2814 231 2877 sed
257 2814 298 2878 ab
325 2836 435 2878 earum
461 2813 591 2877 maxilla
617 2814 700 2877 dixit
725 2837 778 2877 eas
806 2814 1033 2892 conscendere,
1059 2814 1183 2879 meritis
1214 2816 1324 2880 Sancti

175 2900 329 2986 Martyris
354 2899 518 2965 exaudivit
545 2900 726 2964 lacrimosus
751 2902 871 2965 vetulae
896 2901 1063 2989 singultus.
1112 2903 1150 2967 ln
1185 2902 1326 2966 crastino

172 2987 293 3073 itaque,
312 2988 408 3051 flante
423 3000 521 3050 vento
539 2988 691 3063 secundo,
707 3002 816 3051 nautae
834 2987 940 3052 Coket
959 2988 1160 3071 perveniunt,
1178 2989 1326 3053 videlicet

173 3075 307 3139 insulam
331 3074 500 3151 modicam,
526 3072 789 3159 aiTynemudthal
808 3074 898 3160 quasi
922 3074 1035 3159 viginti
1057 3075 1184 3139 milibus
1203 3076 1326 3139 distan-

174 3176 250 3226 tem.
304 3161 386 3235 Quae
408 3161 512 3223 insula
537 3161 644 3225 Coket
667 3160 804 3223 fluminis
827 3162 911 3226 ostio
933 3165 1118 3247 praejacens,
1139 3164 1184 3226 ab
1208 3163 1325 3227 eodem

173 3270 290 3312 nomen
310 3248 445 3332 accepit.
494 3247 558 3311 Res
571 3247 660 3325 mira,
682 3261 714 3311 et
734 3246 855 3311 meritis
875 3247 984 3312 Sancti
1003 3249 1100 3333 Regis
1120 3262 1154 3313 et
1170 3250 1324 3335 Martyris

177 3335 298 3400 Oswini
327 3334 554 3398 attribuenda:
587 3335 626 3399 In
641 3334 765 3398 summa
788 3334 1018 3421 tranquillitate
1048 3336 1130 3400 aeris
1157 3352 1325 3421 coeperunt

174 3444 271 3485 naves
292 3422 448 3484 universae
467 3421 499 3483 in
519 3422 666 3505 scopulos
685 3422 897 3498 offendentes,
917 3444 988 3486 sese
1003 3422 1140 3487 invicem
1160 3424 1323 3500 collidere,

173 3523 207 3572 et
222 3508 337 3571 fluctus
353 3509 472 3593 absque
487 3521 657 3571 ventorum
673 3508 801 3571 turbine
814 3510 883 3593 jam
896 3509 964 3591 jam
976 3510 1144 3573 saevientes
1157 3524 1325 3595 coeperunt

174 3606 288 3659 nautas
311 3615 537 3677 summergere,
563 3607 596 3657 et
617 3615 730 3657 omnes
753 3591 819 3657 fere
842 3596 1025 3660 absorbere.
1073 3596 1117 3659 Et
1138 3598 1255 3663 eodem
1272 3600 1326 3664 die

174 3704 239 3745 non
255 3681 357 3745 solum
373 3702 508 3763 corpora
523 3693 732 3757 mortuorum,
750 3680 808 3743 sed
824 3680 920 3744 etiam
932 3682 1041 3746 omnia
1054 3705 1128 3769 quaa
1139 3701 1323 3769 rapuerant,

173 3768 257 3833 infra
279 3769 359 3847 fines
382 3768 423 3830 de
449 3766 677 3851 Tynemudtha
693 3766 784 3851 jactu
808 3767 903 3831 maris
925 3768 968 3833 ad
989 3768 1076 3833 idem
1098 3769 1174 3834 litus
1194 3789 1326 3839 revecta

173 3868 260 3918 sunt.
306 3853 426 3918 Incolae
445 3853 574 3917 tandem
594 3852 766 3937 provinciae
781 3855 836 3940 qui
852 3856 894 3918 ob
908 3858 1096 3924 Scottorum
1113 3859 1164 3922 vel
1179 3862 1222 3925 ob
1239 3860 1326 3925 Nor·

175 3964 364 4005 marmorum
380 3962 541 4017 occursus,
558 3940 748 4004 declinando
763 3940 923 4004 latuerant
938 3943 971 4005 in
988 3956 1143 4008 terrarum
1160 3969 1217 4011 seu
1231 3949 1326 4013 silva-

176 4050 249 4092 rum
264 4028 390 4106 abditis,
408 4027 578 4091 securitate
589 4027 814 4113 qualicumque
823 4030 963 4111 recepta,
977 4030 1205 4113 egrediuntur3
1222 4048 1254 4098 et
1268 4059 1325 4121 per

175 4114 272 4178 litora
283 4138 357 4179 casu
367 4114 509 4199 dispersi,
523 4113 884 4201 reperiuntomniaquae
896 4115 1076 4182 amiserant.
1106 4119 1206 4184 Nullo
1214 4122 1324 4209 itaque

175 4201 237 4264 nisi
256 4202 343 4288 quod
358 4225 449 4265 suum
469 4214 537 4265 erat
556 4213 782 4284 praesumente,
803 4200 915 4285 praedo
930 4202 985 4288 qui
1000 4207 1117 4269 vetulae
1137 4209 1233 4271 telam
1249 4210 1326 4272 diri-

175 4300 301 4373 puerat,
323 4288 354 4351 in
370 4288 482 4353 sabulo
497 4287 683 4371 complexus
697 4286 800 4371 ipsam
816 4288 923 4367 telam,
948 4308 1014 4353 tam
1029 4292 1083 4354 diii
1091 4295 1205 4378 jacuit,
1222 4296 1325 4360 donec

173 4376 244 4459 ipsa
270 4375 378 4440 vetula
403 4375 479 4439 licet
502 4374 624 4438 tardior
650 4373 826 4438 adveniret.
876 4374 981 4449 Quam
1009 4379 1113 4443 laetior
1132 4393 1165 4443 et
1189 4383 1326 4447 alacrior

171 4463 300 4542 tollens,
312 4460 474 4526 insultavit
486 4473 613 4525 mortuo
629 4460 772 4545 praedoni
789 4461 918 4537 dicens;
938 4473 959 4504 ‘⁶
973 4464 1136 4529 Hesterno
1152 4468 1203 4533 die
1213 4471 1324 4554 rogari
