3142 5159
770 493 861 547 Vtut
888 493 1025 547 SANCTI

452 657 650 747 Suppliciter
665 658 780 745 quaerit
794 679 867 744 quae
883 680 980 723 causa
995 679 1111 742 pavere
1125 656 1265 743 subegit.

452 752 518 811 Ore
530 747 627 812 refers
643 745 723 824 miti,
741 754 869 810 “certe
885 745 1046 835 magnalia
1061 744 1139 823 vidi,

455 834 563 907 Quam
578 834 656 899 felix
672 834 780 898 anima
791 832 904 898 tellure
919 833 1045 897 levatur
1060 832 1102 896 ab
1114 832 1190 911 ima,

454 920 580 987 Sanctis
596 923 745 1007 stipatur,
762 922 815 985 cui
827 933 921 1007 porta
936 919 1002 1005 poli
1017 933 1188 997 reseratur,

452 1008 554 1073 Laetis
563 1008 678 1093 juncta
689 1006 794 1081 choris
808 1008 953 1072 felicibus
969 1006 1091 1072 inditur
1104 1007 1205 1074 horis.

453 1095 534 1161 Pars
550 1097 609 1160 fuit
625 1094 677 1160 hic
693 1094 831 1173 humilis,
849 1118 944 1183 qnam
961 1109 996 1160 tu
1011 1096 1095 1159 bene
1108 1095 1223 1180 pascis,
1241 1093 1333 1159 ovilis
1347 1119 1356 1171 ;

454 1184 535 1248 Cras
547 1185 614 1269 ejus
631 1204 748 1247 nomen
764 1184 887 1267 pendes
902 1182 981 1246 mihi
997 1183 1108 1247 mortis
1124 1194 1157 1246 et
1171 1204 1278 1260 omen,

454 1270 540 1335 Cum
558 1270 700 1334 Domino
716 1292 822 1335 sacras
837 1271 982 1335 libavere
997 1292 1115 1334 munus
1131 1269 1172 1333 ad
1188 1270 1291 1337 aras.''

451 1357 526 1422 Jam
541 1358 627 1422 facto
644 1380 735 1422 mane
752 1359 848 1421 dictis
863 1357 909 1420 nil
925 1359 1042 1421 transit
1057 1359 1174 1430 inane;

454 1444 559 1509 Sacris
575 1445 701 1509 intento
717 1446 775 1509 tibi
792 1445 871 1508 dicit
887 1445 987 1529 virgo,
1007 1454 1207 1509 “memento

454 1532 545 1596 Illius
564 1531 762 1619 Hndguuldi,
777 1555 873 1618 quem
890 1534 1026 1616 contigit
1041 1532 1155 1596 arbore
1171 1530 1258 1606 labi3

452 1618 580 1703 Lapsus
597 1618 746 1696 decessit,
763 1632 838 1704 pete
856 1620 1005 1684 Christus
1021 1620 1051 1683 ei
1067 1620 1193 1705 requies
1208 1619 1250 1683 sit
1262 1618 1290 1682 ='’

452 1705 515 1784 Sic,
534 1707 597 1790 pie,
615 1707 661 1770 sic
676 1719 770 1791 paret
785 1708 819 1769 in
837 1723 867 1771 te
882 1730 956 1794 quae
971 1708 1077 1791 gratia
1092 1708 1202 1771 claret

454 1791 615 1877 Perspicis
631 1806 842 1879 assumptum,
860 1796 917 1858 sed
926 1809 966 1859 et
980 1795 1050 1878 ojus
1065 1798 1107 1857 ad
1122 1807 1208 1858 astra
1222 1791 1451 1877 triumphum:

453 1880 549 1955 Quae,
566 1882 708 1968 quando,
726 1904 865 1968 quaeque
881 1884 940 1947 tibi
956 1881 1053 1959 dicat,
1070 1882 1209 1966 precinis
1225 1901 1327 1967 aequc.

453 1967 549 2032 Nunc
564 1968 662 2032 michi
677 1981 852 2045 tantorum,
871 1992 1032 2046 succurre,
1050 1983 1143 2053 pater
1158 1970 1365 2033 meritorum:

452 2053 548 2119 Vires
560 2054 697 2141 impetra
712 2080 777 2142 quo
793 2058 913 2141 pellam
928 2072 1060 2143 pectore
1076 2068 1180 2132 tetra3

451 2142 550 2205 Mens
568 2143 733 2207 Christum
750 2157 859 2228 captet
874 2158 912 2210 ut
927 2168 999 2208 eam
1013 2144 1185 2208 virtutibus
1200 2155 1313 2228 aptet3

455 2229 584 2313 Captet,
602 2244 638 2293 nt
653 2230 711 2295 has
728 2244 841 2296 nactus
854 2244 1037 2296 sanctorum
1053 2253 1227 2316 persequer
1242 2244 1342 2307 actus,

454 2314 604 2389 Quorum
621 2332 695 2402 post
709 2332 846 2383 mortem
863 2321 988 2405 capiam
1003 2340 1062 2405 per
1077 2320 1196 2382 saecula
1210 2330 1341 2386 sortem.

439 2664 558 2747 [CAP.
573 2662 899 2753 XXXIVJ-Quou
910 2688 1025 2752 nquam
1040 2674 1076 2734 in
1089 2674 1161 2735 vino
1175 2673 1346 2735 mutaverit.

453 2889 565 2953 Virtus
581 2889 689 2955 divina
705 2892 762 2955 tibi
779 2893 836 2957 dat
851 2892 891 2956 de
906 2894 1038 2959 flumine
1054 2895 1147 2971 vina3

456 2976 578 3040 Vinum
593 2977 696 3042 fecisti
712 2980 876 3064 limpham,
893 3004 989 3067 quam
1004 2982 1095 3047 fonte
1109 2981 1240 3060 bibisti;

455 3064 633 3130 Gustnntes
650 3066 714 3143 alii,
727 3068 894 3133 celebrant
909 3070 1064 3135 miracula
1078 3070 1154 3135 vini.

452 3152 554 3217 Verte
564 3175 652 3218 meos
668 3177 783 3234 mores,
801 3169 834 3221 te
848 3157 1016 3243 deprecor,
1032 3160 1067 3223 in
1079 3158 1248 3223 meliores:

453 3237 507 3303 De
523 3243 651 3303 summis
667 3264 741 3306 rora
755 3242 864 3321 michi,
877 3267 942 3344 quo
957 3246 1089 3333 sapiam,
1105 3246 1249 3311 meliora.

455 3324 521 3388 Fac
536 3328 657 3411 sapiam
675 3328 795 3393 Christi
811 3352 911 3415 magrs
927 3347 961 3398 et
975 3333 1086 3422 magis,
1102 3346 1139 3398 nt
1154 3332 1298 3420 sapuisti,

454 3411 588 3480 Sacrum
602 3414 780 3496 dulcorem,
797 3416 891 3484 simul
905 3432 940 3485 et
954 3420 1096 3488 dulcoris
1110 3416 1264 3488 amorem.

408 3740 528 3820 [CAP.
555 3744 862 3827 XXXV.]—Quod
880 3757 955 3830 post
975 3750 1050 3814 duos
1063 3770 1162 3815 annos
1175 3751 1383 3832 Episcopatus

406 3832 534 3896 redierit
547 3834 593 3897 ud
604 3836 780 3898 solitariam
795 3838 902 3913 citant,
919 3846 949 3900 et
962 3839 1166 3904 inobedientes
1188 3840 1250 3903 stoi
1256 3838 1383 3921 fratres

745 3942 832 3986 mare
851 3926 1034 4007 impedierit.

450 4151 517 4243 uPer
533 4151 625 4218 binos
640 4173 742 4219 annos
757 4154 919 4221 illustrans
934 4155 1003 4245 ipse
1021 4157 1204 4237 Britannos,

450 4237 618 4304 Pontificis
627 4244 702 4327 jure
716 4244 894 4329 peragebas
908 4245 1021 4311 munia
1032 4269 1137 4313 curae:

451 4326 546 4405 Mox,
564 4339 675 4393 vatum
690 4351 791 4410 more,
809 4332 867 4397 tibi
882 4334 996 4398 mortis
1010 4336 1165 4488 praescius
1175 4334 1278 4411 horae,

450 4414 630 4483 Transacto
644 4417 728 4485 festo
744 4419 867 4487 Christi
881 4420 997 4489 natalis
1034 4437 1152 4493 onesto
