3142 5159
287 411 335 478 48
734 425 825 477 v1rn
853 428 992 479 oswrur

288 590 343 741 gui
354 590 422 676 jam
437 600 586 655 octavum
598 590 700 654 aetatis
713 588 901 677 impleverat
916 614 1045 671 annum,
1058 592 1101 657 ad
1115 593 1252 658 eandam
1262 594 1452 677 ecclesiam⁴
1525 589 1529 598 '

312 678 426 755 etulit3
453 701 590 766 eumque
603 688 688 741 'aute
714 678 823 743 Sancti
849 680 1052 765 sepulchrum
1077 680 1230 769 Martyris
1252 682 1446 767 deponens,

289 766 396 830 multis
415 767 591 831 astantibus
610 778 643 830 et
662 765 866 831 audientibus
881 767 946 844 ait;
971 778 994 810 ‘⁴
1007 768 1074 833 Hic
1095 781 1144 832 est
1158 791 1248 834 mens
1262 770 1375 848 filius,
1392 771 1448 858 qui

283 854 353 940 jam
367 854 491 919 duobus
503 853 592 919 annis
605 854 768 918 transactis
781 854 864 920 adeo
872 855 999 934 cecidit,
1013 870 1049 921 ut
1064 856 1180 921 collisis
1191 857 1347 922 menbris
1363 880 1447 921 uuu-

288 964 384 1029 quam
405 954 518 1028 postea
532 942 582 1007 vel
606 954 690 1007 stare
706 942 755 1007 vel
778 942 925 1008 incedere
948 958 1067 1029 posset.
1115 944 1212 1009 Hunc
1227 946 1332 1010 causa
1349 968 1447 1010 recu-

288 1031 438 1115 perandae
463 1030 571 1095 salutis
595 1030 658 1093 huc
683 1029 796 1108 detuli,
821 1054 959 1119 eumque
986 1031 1061 1097 Deo
1085 1044 1119 1096 et
1149 1033 1268 1098 Sancto
1299 1034 1446 1099 Oswino

288 1119 506 1184 commendo.”
555 1118 607 1183 Sic
630 1117 724 1195 fatus,
749 1118 894 1184 oratione
916 1120 1001 1185 facta
1030 1119 1193 1197 discessit3
1223 1121 1350 1187 relicto
1374 1121 1445 1185 filio

289 1221 365 1272 ante
380 1206 580 1293 sepulchrum
601 1205 709 1269 Sancti
727 1204 892 1292 Martyris.
940 1207 983 1272 Et
997 1208 1067 1294 jam
1081 1208 1160 1273 hora
1175 1208 1371 1294 vespertina
1386 1210 1446 1273 ad·

290 1309 429 1374 venerat,
446 1317 519 1359 curn
542 1305 632 1379 pater
651 1293 804 1359 sollicitus
819 1294 861 1358 de
875 1294 943 1359 filio
965 1295 1006 1359 ad
1029 1295 1196 1360 ecclesiam
1214 1296 1328 1375 rediit,
1348 1320 1444 1361 eum-

289 1405 352 1469 que
364 1381 576 1447 dormientem
586 1380 737 1466 repperit.
772 1381 837 1445 Sed
845 1382 952 1447 subito
963 1383 1116 1468 evigilans
1128 1386 1226 1469 coepit
1240 1385 1441 1470 pallescere,

292 1487 437 1547 tremere,
455 1482 487 1534 et
502 1468 547 1534 ita
569 1468 662 1533 anxie
676 1468 765 1548 flere,
783 1492 820 1533 ac
842 1470 869 1533 si
891 1471 1082 1555 gravissimis
1104 1488 1274 1557 urgeretur
1286 1471 1443 1537 verberi-

288 1558 361 1623 bus.
410 1556 474 1631 Qui
486 1579 562 1623 vero
578 1557 734 1635 astabant,
751 1571 902 1643 putantes
916 1558 950 1623 id
964 1559 1035 1623 fieri
1049 1560 1108 1646 pio
1122 1560 1293 1645 praesentii
1317 1560 1439 1646 patris,

290 1646 447 1731 rogabant
461 1644 550 1710 illum
568 1667 739 1730 parumper
753 1646 914 1711 secedere.
963 1646 1029 1712 Sed
1043 1670 1117 1711 cum
1130 1669 1191 1712 nec
1205 1648 1250 1712 sic
1265 1648 1285 1712 a
1298 1648 1439 1713 fletibus

288 1733 467 1821 quiesceret
496 1756 585 1819 puer,
616 1732 745 1821 quidam
774 1756 818 1799 ex
847 1734 995 1799 fratribus
1021 1734 1169 1799 visitandi
1197 1734 1287 1799 illum
1326 1735 1440 1821 gratia

289 1823 420 1889 adeunt.
469 1821 615 1895 Quorum
641 1844 721 1885 unus
751 1844 819 1907 proe
845 1821 969 1886 caeteris
997 1822 1212 1887 misericordia
1237 1836 1373 1903 motus,
1391 1822 1440 1887 illi

289 1911 453 1989 accedere,
470 1924 504 1975 et
519 1909 549 1974 ei
566 1932 663 1995 poma
677 1932 750 1996 quae
773 1932 840 1995 prae
854 1909 999 1976 manibus
1013 1910 1152 1975 habebat
1166 1910 1244 1975 dare
1258 1910 1437 1997 disposuit.

295 2000 360 2064 Sed
375 1998 554 2063 intimatum
569 2011 618 2061 est
632 1996 677 2059 illi
693 2020 732 2062 ue
748 1996 781 2059 id
800 1997 930 2076 faceret,
947 2021 988 2062 eo
1025 2000 1090 2062 uod
1105 2021 1185 2084 puer
1200 1998 1232 2062 in
1247 1999 1370 2084 agonia
1385 2020 1437 2063 es-

288 2100 350 2165 set,
368 2098 402 2150 et
424 2084 587 2172 proximus
602 2082 739 2149 sanitati.
785 2083 857 2149 Nec
872 2108 971 2150 mora.
1002 2021 1167 2151 (besdum
1189 2087 1279 2172 pueri
1297 2085 1438 2152 faciesa

290 2173 426 2238 lacrimis
442 2172 587 2238 exiccata
604 2172 720 2250 fuerat,
737 2195 809 2236 cum
830 2175 960 2258 repente
978 2174 1011 2237 in
1029 2186 1199 2259 conspectu
1215 2174 1363 2239 omnium
1379 2172 1437 2273 qui

290 2260 502 2339 aderauuhuc
513 2259 650 2346 illucque
661 2258 694 2323 in
704 2260 831 2332 offensis
840 2261 998 2345 gressibus
1007 2261 1183 2327 discurrere
1194 2262 1436 2348 coepit,puer1s-

290 2373 353 2437 que
368 2348 422 2436 qui
438 2348 581 2424 aderant,
595 2347 737 2412 ludendo
751 2371 784 2412 se
800 2348 936 2414 miscuit.
984 2349 1076 2413 Tunc
1093 2350 1243 2435 temporis
1256 2351 1434 2435 praedictus

290 2437 386 2524 ipsius
401 2437 463 2501 loci
474 2436 560 2522 prior
577 2436 735 2514 Hervens,
746 2457 814 2521 prae
825 2436 1010 2502 infirmitate
1021 2437 1106 2501 lecto
1122 2438 1335 2502 detinebatur.
1367 2436 1434 2512 Qui

290 2526 400 2592 auditi
409 2525 549 2590 novitate
565 2524 717 2603 miraculi,
734 2546 867 2609 puerum
884 2524 943 2589 sibi
959 2525 1075 2590 adduci
1085 2525 1191 2609 jussit,
1204 2548 1298 2614 quem
1315 2547 1433 2590 sanum

288 2629 386 2703 atque
397 2614 588 2678 incolumem
600 2612 833 2690 videns,cibum
843 2628 877 2677 et
887 2625 1002 2698 potum
1013 2612 1059 2677 illi
1071 2613 1148 2677 dare
1160 2613 1324 2700 praecepit.
1344 2614 1433 2679 Gra-

290 2703 412 2789 tiasque
424 2724 521 2791 agens
535 2700 618 2777 Deo,
631 2699 780 2765 fratribus
792 2700 886 2786 jussit
901 2702 945 2766 Te
956 2704 1059 2767 Deum
1068 2705 1233 2767 laudamus
1243 2714 1387 2781 cantare,
1398 2713 1432 2765 et

291 2812 460 2876 campanas
475 2788 610 2875 pulsare.

573 3052 673 3117 CAP.
689 3050 794 3114 XXX
795 3051 826 3114 V
824 3052 927 3115 .-De
936 3052 1044 3133 puella
1058 3056 1148 3115 caecd.

336 3230 495 3293 Intererat
506 3226 602 3290 etiam
613 3224 687 3288 huic
695 3224 846 3309 jocundae
855 3225 1059 3304 solemnitati,
1072 3225 1179 3312 puella
1190 3225 1337 3313 quaedam
1351 3226 1426 3291 Ma-

295 3316 380 3381 tildis
406 3314 543 3392 nomine,
572 3313 613 3377 de
641 3313 807 3390 Sleveleib‚
832 3336 905 3399 quae
932 3314 972 3377 ab
999 3313 1131 3378 infantia
1152 3336 1238 3378 caeca
1266 3314 1427 3379 extiterat.

296 3406 388 3470 Hauc
403 3416 504 3469 mater
519 3402 560 3467 ad
571 3401 714 3466 tumbam
734 3399 843 3465 Sancti
860 3400 1014 3487 Martyris
1029 3401 1219 3480 adduxerat,
1233 3425 1368 3489 eamque
1385 3400 1428 3466 ibi

291 3494 435 3559 relictam
464 3491 505 3556 ad
534 3488 664 3555 domum
677 3536 679 3540 -
694 3488 853 3575 propriam
879 3489 1028 3553 redierat.
1076 3489 1176 3553 Erant
1206 3502 1315 3553 autem
1344 3488 1428 3554 oculi

292 3583 408 3668 puellae
424 3579 542 3665 turgidi
555 3592 588 3644 et
599 3578 751 3663 sanguine
767 3577 896 3662 aspersi,
914 3591 947 3642 et
961 3578 1042 3641 adeo
1056 3577 1218 3641 deformes
1232 3591 1269 3642 ut
1283 3576 1367 3642 sicut
1381 3578 1428 3663 ip-

291 3694 327 3734 sa
350 3692 416 3755 prae
442 3670 587 3732 caecitate
609 3665 768 3731 nemiuem
792 3665 900 3729 videre
921 3677 1059 3750 poterat,
1081 3666 1125 3729 sic
1151 3688 1222 3730 earn
1246 3688 1339 3729 nemo
1361 3688 1427 3752 prae

292 3756 496 3822 deformitate
511 3756 676 3819 oculorum
694 3798 947 3818 ..................
965 3752 1078 3831 amisit,
1101 3766 1135 3818 et
1154 3753 1263 3818 lumen
1286 3754 1427 3839 recepit;

292 3846 389 3932 idque
404 3844 522 3930 populo
534 3842 589 3930 qui
603 3842 715 3906 aderat
729 3842 814 3905 clara
823 3862 901 3904 voce
914 3840 1075 3919 indicavit,
1088 3855 1185 3928 atque
1197 3840 1291 3906 certis
1306 3840 1427 3906 indiciis

292 3934 340 3997 rei
359 3932 526 3997 veritatem
547 3927 746 4016 approbavit.
787 3927 962 4014 Postquam
982 3941 1145 4014 receptam
1168 3929 1347 4007 sanitatem,
1371 3928 1427 3994 ali-

292 4020 417 4109 quantis
433 4019 543 4085 diebus
566 4014 701 4081 incurii
716 4015 842 4095 mansit,
866 4016 975 4081 sedule
990 4040 1063 4104 quae
1093 4018 1153 4082 sibi
1184 4018 1427 4105 injungebantur

292 4109 481 4174 ministrans.
528 4106 673 4171 Tandem
692 4118 765 4190 post
780 4104 902 4206 aliquos
918 4104 984 4169 dies
999 4118 1146 4183 matrem,
1163 4121 1359 4192 caeterosque
1372 4127 1428 4190 pa·

291 4212 397 4263 rentes
413 4194 501 4278 adiit,
519 4218 636 4283 eosque
652 4194 692 4258 de
708 4194 763 4260 suri
778 4207 914 4260 sanitate
930 4194 1022 4261 laetos
1037 4192 1188 4283 reddidit.
