3142 5159
246 402 295 467 90
686 418 777 465 vrrs
806 414 945 465 oswius

244 592 492 663 praeparaverat,
508 578 650 643 dictante
662 577 829 661 pontifice,
843 576 965 641 honore
975 575 1137 659 condigno
1151 574 1349 655 recondidit,
1367 588 1408 640 et
1541 559 1542 640 i

244 664 416 731 maximam
432 663 670 729 venerationem
680 664 805 749 jugiter
819 662 978 729 exhibuit.
1541 687 1542 700 ¹

245 882 1404 1009 cAe.r1r-um0aqaramwpuramiuiuumeoemetoe

321 1012 431 1093 jacere
445 1016 546 1077 minuc
554 1012 698 1095 relicinae*
702 1015 914 1093 meermprit,
925 1012 1060 1091 ajam
1065 1014 1316 1092 prwmplioui·
1327 1032 1399 1092 PG·

330 1116 406 1163 mm
415 1101 599 1164 mirabiliter
611 1102 644 1162 in
654 1101 756 1163 eudem
766 1100 830 1161 low
840 1102 1013 1180 metendi.

290 1269 428 1335 'l'lrostio
451 1270 571 1335 Comiti
594 1270 828 1355 praenominato
850 1266 911 1333 luit
933 1268 1067 1356 quidam
1086 1268 1282 1353 capellanus,
1296 1290 1398 1355 quem

243 1376 308 1419 non
324 1355 525 1439 singulariter
535 1379 648 1433 uuum,
660 1356 719 1420 sed
734 1378 801 1441 prae
816 1355 944 1421 caeteris
958 1357 976 1421 i
989 1356 1120 1421 secretis
1133 1355 1200 1422 suis
1210 1355 1398 1440 specialiter

243 1442 348 1507 solum
374 1442 540 1527 diligebat.
592 1442 656 1507 Hic
680 1464 908 1529 nonnunquam
936 1464 1011 1507 cum
1034 1442 1074 1507 de
1103 1464 1194 1507 more
1218 1442 1396 1527 provinciae

244 1530 400 1593 instructa
412 1543 519 1595 esseut
530 1528 677 1593 convivia
689 1528 776 1614 apud
789 1530 1048 1613 Tynemudham,
1061 1528 1138 1617 quia
1147 1528 1257 1593 villula
1265 1529 1397 1592 modica

245 1628 328 1693 erat,
344 1630 378 1681 et
400 1616 442 1679 ad
462 1628 511 1680 tot
533 1616 699 1681 hominum
720 1638 851 1701 genera,
868 1639 941 1704 quae
960 1617 1122 1683 Comitem
1144 1615 1392 1693 comitabuntur,

244 1702 446 1787 suscipienda
468 1702 609 1788 hospitio
634 1703 737 1767 minus
760 1703 928 1781 sufficiens,
948 1702 1045 1788 jussit
1067 1702 1129 1767 sibi
1150 1702 1250 1767 sterni
1272 1702 1395 1767 lectum

179 1810 184 1821 ·
244 1790 304 1853 tub
320 1790 400 1855 turri
415 1790 559 1855 ecclesiae
582 1790 615 1855 in
638 1791 704 1891 qut
728 1791 839 1855 Sancti
856 1790 956 1874 Regis
977 1812 1015 1854 ac
1032 1786 1186 1875 Martyris
1206 1788 1327 1854 Oswini
1341 1812 1395 1853 re-

243 1878 429 1963 quiescebat
451 1878 743 1943 reverentissimum
762 1898 890 1961 corpus.
937 1877 1129 1961 Crapulatus
1144 1876 1254 1963 itaque
1274 1877 1291 1941 a
1316 1875 1393 1940 vino

242 1976 408 2029 revertens
435 1964 453 2029 i
477 1964 564 2029 curii
583 1964 718 2029 Comitis
740 1964 774 2027 iu
797 1962 900 2029 noctis
922 1964 1123 2048 crepusculo,
1143 1964 1205 2027 sub
1225 1962 1306 2026 turri
1322 1966 1391 2049 jam

242 2049 330 2115 dicti
352 2051 394 2113 ad
413 2072 567 2115 venereos
591 2072 665 2114 usus
680 2073 754 2113 cum
773 2050 976 2115 meretricula
990 2049 1126 2115 obsceni
1142 2050 1336 2114 exercendos
1358 2073 1392 2114 se

242 2136 453 2219 accingebet3
477 2156 550 2200 curn
566 2159 641 2201 ecce
658 2138 691 2201 in
707 2136 841 2201 ecclesia
863 2137 1030 2201 concussio
1051 2137 1208 2221 parietum
1223 2137 1310 2201 facta
1330 2149 1389 2214 est,

243 2234 279 2286 ut
302 2222 513 2287 incontinenti
535 2223 637 2287 omnis
669 2223 813 2287 ecclesiae
835 2224 984 2289 machina
1002 2223 1127 2289 ruitura
1154 2223 1391 2287 formidaretur.

246 2308 326 2373 Erat
342 2322 451 2375 autem
467 2322 543 2373 tuuc
560 2310 713 2395 temporis
728 2324 804 2375 ante
827 2311 1030 2394 sepulchrum
1056 2310 1150 2375 Beati
1167 2310 1320 2397 Martyris
1341 2310 1394 2374 vir

242 2395 324 2461 bene
340 2396 506 2481 religiosus
519 2396 652 2481 vigilans
667 2411 700 2462 et
715 2420 821 2476 orans,
835 2397 889 2483 qui
900 2396 1075 2482 capellano,
1093 2398 1207 2461 timeus
1219 2420 1261 2461 ne
1273 2398 1396 2461 dormi·

243 2505 300 2547 eae
311 2483 403 2547 ruint
413 2485 483 2569 jam
497 2484 682 2549 imminente
698 2484 943 2570 opprimeretur,
960 2485 1110 2563 accurrit,
1127 2497 1164 2547 ut
1179 2483 1301 2549 excitet
1316 2506 1391 2547 eum

243 2592 264 2635 a
277 2592 412 2649 sommo,
426 2584 460 2637 et
475 2592 518 2635 ex
540 2571 702 2656 insperato
717 2570 838 2635 invenit
853 2570 895 2634 ad
910 2571 1181 2635 commiscendum
1195 2593 1270 2635 cum
1284 2583 1391 2635 scorto

238 2656 308 2740 jam
323 2670 481 2741 paratum.
530 2658 573 2721 Et
588 2680 741 2723 execrans
757 2670 915 2742 stuprum,
938 2658 1159 2722 mulierculam
1180 2658 1252 2723 zelo
1276 2658 1392 2722 Finees

242 2765 415 2807 succensus
437 2744 480 2807 ab·
501 2744 636 2808 ecclesii
657 2744 752 2829 ejecit
773 2743 938 2821 continui),
954 2756 988 2808 et
1010 2745 1224 2830 presbiterum
1245 2745 1391 2829 increpa-

243 2829 331 2895 tione
346 2829 468 2894 duriori
482 2831 570 2930 quod
590 2854 651 2895 nec
670 2831 780 2896 Deum
797 2830 926 2895 timeret
940 2853 1001 2895 nec
1016 2832 1160 2896 homines
1176 2844 1390 2908 revereretur,

242 2916 355 3001 spiritu
368 2917 515 2982 Danielis
530 2918 709 3003 castigavit.
758 2918 803 2981 Et
814 2918 923 2983 statim
937 2918 1073 2983 cessavit
1088 2919 1190 2982 omnis
1205 2932 1394 3003 tempestat.

244 3004 284 3068 In
309 3004 371 3071 boc
395 3016 462 3071 tam
491 3006 651 3091 stupendo
673 3005 761 3070 facto
783 3005 923 3070 innotuit
950 3006 1086 3069 Sanctus
1112 3005 1187 3070 Rex
1208 3018 1244 3069 et
1264 3006 1391 3092 Martyr

246 3089 404 3168 oswinus,
431 3103 587 3176 quantum
614 3092 654 3155 sit
672 3094 778 3177 justus
805 3104 1024 3178 quantumque
1051 3092 1241 3170 misericors,
1272 3093 1390 3179 quiex

236 3176 376 3263 justiciae
402 3178 509 3260 rigore
534 3189 636 3247 totam
657 3178 801 3242 ecclesiae
816 3178 1007 3257 machinam,
1020 3178 1111 3266 quasi
1125 3179 1304 3244 adruinum
1315 3201 1394 3244 con-

241 3262 362 3338 cussit3
385 3263 442 3327 sed
458 3285 501 3327 ex
523 3263 749 3328 misericordiae
768 3264 913 3343 leuitate,
930 3266 1033 3349 stupri
1047 3266 1205 3351 flagitium
1220 3268 1262 3331 ab
1283 3265 1389 3351 operis

242 3349 434 3415 executione
462 3349 646 3435 prohibens,
668 3352 803 3417 ruinam
838 3352 1060 3416 imminentem
1096 3354 1272 3439 suspendit.
1332 3352 1390 3416 Vir

241 3448 351 3502 autem
367 3437 500 3503 Domini
538 3436 571 3501 ui
585 3437 823 3505 meretriculam
845 3440 886 3503 ab
909 3439 1045 3503 ecclesii
1065 3443 1254 3526 projecerat,
1279 3452 1392 3524 postea

241 3524 396 3589 Dunelmi
405 3460 579 3591 monacius
591 3525 706 3603 factus,
717 3525 779 3591 hoc
791 3526 981 3591 miraculum
991 3527 1108 3613 saepius
1116 3523 1247 3593 nauare
1257 3548 1393 3592 consue--

241 3625 344 3676 verat.

242 3871 342 3937 CAP.
363 3870 556 3937 Vlla-De
570 3894 645 3957 equo
659 3875 814 3956 cujusdem
827 3876 935 3938 militie
953 3879 989 3938 iu
998 3876 1126 3957 furiam
1140 3896 1238 3952 verso,
1262 3878 1318 3940 ced
1331 3895 1392 3958 per

331 3962 455 4040 pallam
466 3980 560 4041 super
563 3963 718 4044 feretrum
732 3962 798 4043 cy‘us
803 3964 939 4042 positum
951 3965 1136 4027 mirabiliter
1150 3965 1290 4033 macto.

247 4210 250 4215 ,
288 4120 440 4208 Quodam
453 4148 597 4217 tempore
610 4156 683 4197 cum
698 4130 772 4198 Rex
783 4134 837 4198 ille
849 4134 1124 4200 victoriosissimus
1137 4126 1388 4223 Willelmus,qui

241 4218 437 4285 Normannis
465 4219 615 4308 Angliam
640 4222 673 4285 in
695 4244 793 4286 manu
820 4222 896 4286 forti
921 4222 1113 4309 subjugavit,
1140 4246 1214 4287 cum
1239 4225 1387 4288 exercitu

239 4308 346 4371 valido
369 4330 389 4371 a
419 4307 531 4372 Scocii
553 4322 780 4387 reverteretur,
809 4309 894 4373 circa
922 4309 1030 4373 locum
1051 4309 1107 4398 qui
1137 4332 1223 4377 nunc
1255 4309 1387 4375 Novum
