3142 5159
223 432 274 499 92
672 448 765 497 rim
793 448 932 497 oswnn

230 608 432 693 magnatibus
447 608 522 687 suis,
540 608 581 671 ad
598 608 810 697 ulsciscendas
825 608 953 695 injurias
969 606 987 669 a
1006 607 1125 671 Scottis
1138 607 1198 672 sibi
1213 609 1382 693 irrogatas.

234 696 421 760 Redeuntes
440 716 528 779 ergo,
546 708 677 779 peracto
692 695 735 759 ad
755 709 867 760 votum
887 696 1031 798 negotio,
1048 694 1090 759 ad
1109 694 1239 759 Novum
1256 696 1384 759 Castel-

232 783 310 859 lum,
324 780 548 845 deficientibns
563 781 688 845 cibariis
700 804 773 869 quae
789 782 821 844 iu
837 804 967 846 sarcrms
983 804 1047 844 suis
1062 803 1170 847 secum
1185 782 1381 859 detulerant,

232 880 399 952 coeperunt
415 890 522 951 egere.
569 869 675 933 Locus
692 869 811 956 quippe
834 869 886 933 ille
902 882 936 933 at
958 868 1185 953 circumjacens
1206 867 1297 953 regio
1312 868 1384 931 die-

232 956 293 1018 bus
309 954 379 1031 illia,
393 955 468 1041 quia
482 978 555 1019 raro
567 956 733 1020 colebatur
748 956 940 1033 habitatore,
955 955 1099 1018 ciborum
1111 955 1236 1039 copiam
1251 952 1383 1018 minime

233 1042 394 1118 habebat3
417 1055 450 1105 et
466 1064 578 1127 parurn
594 1043 682 1129 quod
706 1042 857 1120 habebat,
882 1042 915 1105 in
937 1041 1087 1127 praesidio
1106 1042 1215 1105 Sancti
1233 1042 1331 1125 Regis
1346 1054 1383 1104 et

236 1128 390 1215 Martyris
410 1128 530 1192 Oswini
552 1129 639 1215 apud
664 1129 912 1215 Tynemudlram
926 1129 1120 1213 depositum,
1136 1142 1271 1212 propter
1288 1150 1386 1192 exer-

234 1216 316 1278 citas
332 1216 413 1299 regii
427 1216 574 1279 vitandos
589 1216 731 1280 incursus
745 1216 880 1280 latebat.
916 1216 1018 1280 Porro
1037 1214 1183 1299 Nigcllus
1195 1215 1382 1300 praedictus,

235 1301 312 1365 licet
336 1316 420 1365 esset
445 1302 534 1366 miles
561 1314 718 1378 strenuus,
746 1322 817 1367 erat
841 1317 949 1367 tamen
972 1302 1117 1387 rapinam
1142 1324 1307 1379 execrans,
1333 1300 1386 1363 vir

236 1388 429 1451 humillimus
446 1401 479 1452 et
503 1388 616 1452 timore
636 1401 746 1452 sancto
761 1390 970 1473 plenissimus.
1017 1388 1251 1452 Deficientibus
1273 1389 1385 1474 itaque

236 1498 310 1573 quae
322 1474 384 1538 emi
396 1488 524 1559 possent
537 1475 613 1538 vitae
624 1475 819 1553 necessariis,
833 1476 1002 1560 ingruente
1012 1475 1127 1551 inedia,
1140 1474 1256 1539 invitus
1267 1474 1386 1560 permi-

236 1572 278 1623 sit
294 1582 367 1625 suos
385 1562 631 1647 Tynemudham
641 1562 836 1626 descendere
848 1577 886 1625 ut
899 1562 1008 1626 vitalia
1022 1564 1255 1648 perquirerent.
1303 1560 1388 1634 Qui-

236 1648 297 1711 bus
313 1648 368 1711 illo
382 1648 648 1733 pervenientibus,
663 1649 747 1713 servi
766 1649 828 1713 Dei
852 1649 930 1713 inibi
954 1648 1145 1726 habitantes,
1162 1670 1236 1711 cnm
1251 1669 1386 1732 corpore

242 1734 352 1799 Sancti
375 1735 530 1820 Martyris
552 1749 770 1813 occurrerunt,
802 1735 834 1797 in
857 1750 961 1821 portae
984 1736 1082 1820 ipsius
1104 1735 1269 1819 angusti33
1292 1735 1386 1797 obse-

238 1835 363 1886 crantes
386 1822 548 1899 humilius,
575 1837 612 1886 ut
635 1824 679 1886 ob
712 1823 821 1886 Sancti
845 1822 1056 1886 reverentiam
1078 1835 1248 1905 parcerent
1275 1820 1385 1885 Sancti

238 1909 397 1993 deposito.
446 1909 525 1973 Erat
547 1925 657 1974 autem
672 1909 802 1996 quidam
829 1909 919 1973 miles
943 1909 1046 1973 dictus
1073 1908 1220 1992 Nigellus
1235 1908 1277 1972 de
1296 1908 1384 1971 Wast

238 1994 270 2057 in
283 1995 437 2059 comitatu
454 1996 579 2059 illorum
592 1997 647 2083 qui
662 1996 704 2059 ad
718 1996 927 2080 praedandum
937 1995 1183 2073 descenderunt,
1196 1995 1245 2058 rir
1256 1994 1386 2081 quidem

239 2081 418 2158 timoratam,
436 2094 468 2146 et
483 2082 640 2166 praedicto
657 2081 788 2165 Nigello
803 2082 844 2145 de
863 2083 1012 2147 Albineio
1027 2084 1224 2167 propinquus
1239 2094 1273 2145 et
1290 2081 1388 2144 caris-

238 2168 346 2230 simus.
395 2168 461 2241 Qui
485 2168 594 2231 videns
622 2168 729 2232 Sancti
752 2192 867 2253 corpus
890 2170 1012 2247 adesse,
1034 2170 1152 2232 Sancto
1175 2168 1332 2245 delerem,
1349 2183 1387 2230 ut

239 2268 309 2317 erat
325 2254 511 2317 militaribus
522 2254 706 2331 instructus,
720 2255 861 2318 animum
870 2256 1036 2341 praedandi
1047 2255 1207 2339 deposuit,
1218 2270 1253 2319 et
1267 2276 1387 2341 equum

239 2340 271 2403 in
287 2364 351 2426 quo
366 2342 499 2405 sedebat
523 2342 563 2405 ab
580 2341 711 2405 introitu
736 2354 838 2426 portae
860 2344 998 2407 reflexit.
1045 2342 1260 2427 Tendensque
1275 2364 1386 2405 manus

239 2428 282 2491 ad
294 2428 419 2505 caelum,
434 2428 522 2491 vovit
538 2452 571 2492 se
588 2452 652 2492 non
664 2443 866 2514 gustaturum
878 2429 919 2493 de
930 2429 1103 2515 praedailla
1117 2429 1194 2491 dum
1211 2430 1345 2491 Sanctus
1354 2429 1387 2491 ei

239 2513 416 2601 ignoceret,
428 2515 515 2600 quod
531 2516 604 2580 illuc
617 2516 722 2580 animo
732 2517 898 2601 praedandi
912 2516 1058 2580 venisset.
1107 2514 1165 2578 Est
1177 2527 1285 2579 autem
1297 2515 1386 2578 locus

239 2616 346 2665 arctus
366 2615 399 2665 et
423 2602 600 2686 praecipitio
619 2603 845 2666 immanissimo
863 2603 1051 2666 imminens:
1075 2601 1288 2686 praecipitium
1308 2624 1386 2665 vero

240 2687 344 2771 ipsum
371 2710 511 2751 occeano
535 2690 713 2767 imminens,
739 2690 847 2752 multis
872 2703 905 2753 et
929 2689 1052 2752 mannis
1079 2689 1216 2772 scopulis
1243 2689 1384 2772 plenum,

240 2773 338 2837 etiarn
355 2775 434 2838 visui
454 2774 594 2839 terribile
609 2793 643 2839 et
662 2776 858 2839 horrendum
877 2789 936 2840 est.
981 2743 1125 2839 livdiens
1145 2790 1253 2839 autem
1273 2774 1386 2861 aliquis

240 2862 281 2924 de
296 2862 501 2946 praedonibus
517 2861 558 2925 de
574 2862 646 2927 loco
662 2876 773 2926 sancto
789 2876 939 2926 oneratus
954 2877 1048 2946 raptu
1064 2861 1231 2945 saerilegn,
1247 2876 1280 2925 et
1299 2860 1388 2925 festi-

239 2970 317 3011 nans
330 2950 441 3033 egredi
454 2972 513 3034 per
524 2964 650 3033 portam
662 2950 694 3012 in
706 2950 769 3036 qud
783 2948 930 3033 Nigellus
943 2972 985 3013 ex
998 2962 1177 3013 transverso
1188 2948 1385 3025 substiterat,

239 3034 343 3119 ipsum
359 3059 432 3101 cum
448 3059 531 3121 equo
547 3037 595 3100 sui
612 3036 717 3100 oneris
740 3037 863 3120 impetu
878 3036 1011 3121 impedit
1033 3035 1202 3112 incautius,
1219 3049 1253 3100 et
1275 3035 1388 3120 praeci-

240 3122 355 3205 pitavit
370 3122 591 3185 miserabilius.
638 3123 800 3189 Atteritur
815 3124 934 3207 clipeus
950 3122 1097 3206 scopulis,
1108 3123 1208 3185 ,hasta
1222 3123 1386 3206 proicitur,

240 3230 340 3293 eques
364 3209 404 3271 ab
428 3230 512 3293 equo
534 3207 736 3291 disjungitur,
751 3223 788 3271 et
811 3209 923 3272 sabulo
942 3209 1072 3273 tandem
1091 3223 1237 3294 uterque,
1255 3208 1389 3273 diversis

241 3308 350 3359 tamen
373 3294 405 3357 in
427 3294 518 3369 locis,
536 3294 708 3378 suscipitur
723 3311 756 3358 et
779 3295 936 3378 operitur.
985 3296 1073 3369 Quid
1095 3295 1214 3381 plura?
1260 3295 1389 3359 Meritis

246 3382 356 3445 Sancti
379 3380 536 3466 Martyris
552 3381 603 3444 cui
622 3381 761 3448 venienti
780 3382 871 3446 miles
886 3382 1012 3459 detulit,
1030 3382 1148 3446 illaesus
1164 3396 1310 3446 servatus
1326 3396 1387 3458 est,

242 3482 276 3533 et
291 3492 389 3555 eques
405 3483 438 3533 et
456 3491 560 3555 equus
576 3468 617 3531 ad
640 3468 749 3532 Sancti
768 3469 915 3553 gloriam.
963 3469 1007 3531 Et
1026 3482 1192 3532 extractus
1207 3468 1249 3532 de
1265 3469 1388 3546 sabu10,

243 3558 370 3621 sublato
393 3579 476 3643 equo
499 3555 677 3639 impositus,
696 3556 851 3619 remeavit
870 3556 911 3619 ad
927 3555 1091 3619 dominum
1106 3556 1294 3630 incolumis;
1318 3578 1392 3618 nar-

243 3667 318 3707 rans
334 3666 406 3707 cum
431 3644 553 3707 summa
575 3643 759 3719 devotione,
777 3666 850 3727 quae
874 3643 907 3704 in
929 3642 1000 3726 ipso
1014 3642 1173 3706 mirabilia
1195 3655 1288 3726 gesta
1303 3654 1388 3719 sunt,

242 3730 365 3797 meritis
386 3729 494 3793 Sancti
513 3729 612 3814 Regis
628 3743 662 3791 et
679 3729 835 3815 Martyris
855 3729 986 3795 Oswini.

245 3992 345 4058 CAP.
369 3990 614 4067 X-Quomodo
635 4002 775 4073 raptores
789 3997 923 4069 narium,
942 4014 1050 4075 pacem
1073 3994 1310 4075 ejmniolantes,
1322 4012 1392 4074 quae

504 4083 565 4141 uim
580 4082 776 4155 abstulerunt,
792 4082 939 4143 admorsi
952 4084 1128 4143 retulerunt.

292 4251 437 4337 Contigit
453 4251 623 4337 aliquando
638 4252 765 4317 feritate
786 4253 968 4316 Scottorum
984 4275 1094 4336 regem
1105 4265 1304 4315 eorum'cum
1315 4272 1393 4333 rege

247 4340 425 4425 Anglorum
440 4338 595 4403 Willelmo
611 4340 809 4425 praescripto,
823 4339 1049 4422 cognominato
1066 4339 1177 4415 Flava,
1194 4338 1390 4414 discordare,

243 4442 277 4493 et
305 4428 345 4491 ab
372 4427 440 4512 ejus
467 4426 683 4492 dominatione
711 4451 744 4491 se
772 4449 926 4512 suamque
953 4440 1083 4510 gentem
1110 4426 1193 4490 velle
1221 4425 1391 4509 surripere.
