3142 5159
513 524 625 574 REGIS
651 523 868 573 Dutuouuut.
1239 509 1289 589 37

145 704 242 770 quam
267 689 366 752 verbo
393 687 592 772 significavit.
641 688 706 763 Qui
731 685 838 752 stratis
865 684 1043 764 exilientes,
1061 697 1094 751 et
1116 686 1158 750 ad
1181 686 1287 775 ignem

144 789 381 852 concurrentes,
407 776 536 849 domum
563 788 665 841 totam
695 775 826 839 interius
857 796 1033 853 accensam,
1065 775 1288 863 flammamque

138 867 209 950 jarn
222 864 352 929 domata
366 864 571 943 lambentem,
588 877 621 928 et
636 876 756 929 tectum
776 873 996 948 penetrantem
1012 861 1208 948 conspiciunt
1222 888 1231 939 ;
1254 878 1287 929 et

144 951 225 1038 quid
249 966 355 1036 agant,
381 953 430 1017 vel
456 953 592 1039 qualiter
619 952 772 1037 impetum
796 950 876 1035 ignis
896 951 1069 1027 retardent,
1086 973 1151 1015 non
1167 952 1288 1015 inveni-

145 1054 216 1103 unt.
264 1040 341 1107 Pars
358 1054 465 1113 tamen¹
478 1040 589 1117 resilit,
606 1052 641 1105 et
662 1038 841 1104 dormitorii
856 1051 976 1102 tectum
993 1038 1089 1102 insilit
1103 1053 1137 1103 et
1153 1038 1196 1103 ibi
1212 1063 1286 1105 cum

143 1127 220 1212 igne
235 1127 382 1205 dimicat;
404 1151 476 1213 pars
492 1150 573 1216 vaga
588 1128 649 1192 hue
673 1127 810 1214 illucque
825 1125 984 1203 discurrit,
1004 1137 1037 1190 et
1052 1126 1193 1191 ecclesiae
1212 1151 1286 1213 sup·

143 1216 324 1301 peleetilem
339 1238 498 1301 proposse
514 1216 661 1281 incendio
676 1214 825 1300 surripit3
841 1237 914 1300 pars
929 1213 971 1278 ad
990 1215 1142 1279 Sanctum
1162 1214 1293 1299 Regem

144 1318 179 1368 et
204 1303 381 1390 Martyrem
412 1304 574 1369 Oswinum
598 1303 692 1380 redit,
718 1315 750 1369 et
774 1302 910 1367 orationi
934 1302 1061 1369 insistit.
1121 1302 1164 1366 Et
1194 1303 1286 1368 Prior

146 1391 333 1457 Ruelendus
345 1405 378 1457 et
394 1391 548 1477 Supprior
563 1390 729 1479 Alquinus,
741 1390 867 1455 techam
883 1390 992 1454 Sancti
1005 1390 1162 1477 Martyris
1177 1390 1210 1454 in
1223 1393 1287 1477 qua

143 1480 211 1564 ejus
221 1502 336 1565 corpus
348 1481 558 1545 reverendum
570 1479 760 1544 collocatum
770 1491 830 1558 est,
842 1478 992 1555 evehunt,
1000 1489 1032 1543 et
1042 1478 1073 1541 in
1082 1491 1175 1563 prato
1185 1478 1286 1543 claus—
1376 1490 1380 1495 '

143 1566 186 1630 tri
197 1580 368 1651 reponunt.
406 1568 517 1656 ibique
528 1567 669 1632 nonnulli
685 1567 819 1631 fratrum
830 1589 902 1631 curn
912 1566 1047 1630 lacrimis
1060 1580 1199 1644 orantes,
1211 1568 1285 1631 soli-

142 1678 181 1717 us
196 1654 260 1719 Dei
273 1670 306 1719 et
318 1656 469 1743 Martyris
486 1656 594 1720 Sancti
603 1678 698 1739 opem
713 1654 870 1739 flagitant.
917 1653 1009 1719 Prior
1018 1653 1085 1740 ipse
1093 1676 1177 1721 nunc
1192 1655 1281 1719 lacri-

142 1741 203 1805 mis
219 1742 340 1807 obortis
354 1766 463 1829 preces
483 1744 601 1808 Sancto
618 1742 755 1827 Martyri
770 1742 886 1820 fundit,
904 1764 988 1806 nunc
1002 1741 1068 1806 alta
1083 1764 1162 1807 voce
1177 1742 1285 1808 taliter

142 1850 254 1914 preces
269 1830 424 1896 confudit.
470 1841 492 1873 “
509 1831 624 1895 Sancte
640 1828 779 1907 Oswine‚
798 1828 875 1916 quid
896 1828 992 1913 agis?
1037 1829 1179 1894 Domum
1196 1846 1284 1895 tuam

141 1916 372 2001 igne'consumi
387 1917 570 2004 permittis?
624 1918 682 1983 Me
699 1930 755 1982 tuo
770 1916 924 2004 obsequio
938 1916 1163 2001 mancipatum,
1180 1918 1286 1982 crimi-

141 2004 189 2067 nis
205 2028 297 2070 reum
311 2005 416 2072 facis?
462 2007 548 2072 Meae
564 2005 647 2071 enirn
660 2005 866 2090 deputabitur
880 2004 1023 2082 incuriae,
1039 2004 1133 2090 hujus
1149 2019 1283 2070 eventus

142 2092 290 2158 miseriae.
329 2094 362 2159 si
382 2095 515 2159 Sanetus
531 2117 575 2171 es,
592 2094 618 2157 si
633 2094 751 2158 amicus
769 2092 834 2158 Dei
849 2115 892 2170 es,
910 2092 942 2155 iu
956 2095 1079 2157 summa
1094 2094 1283 2172 necessitate

140 2181 285 2259 subveni,
303 2195 337 2247 et
352 2205 477 2268 oppone
494 2196 526 2247 te
542 2181 723 2247 discrimini.
773 2180 861 2256 Quid
877 2181 1005 2245 tardas?
1054 2181 1143 2256 Quid
1157 2185 1283 2249 cessas?

143 2268 233 2336 Loco
249 2268 309 2334 isto
324 2293 383 2335 nec
399 2284 435 2336 tu
450 2269 637 2349 moveberis,
654 2293 714 2334 nec
729 2293 803 2355 ego.
841 2268 941 2333 Simul
957 2290 1017 2333 nos
1033 2266 1113 2353 iguis
1128 2269 1281 2350 inveniet,

141 2356 233 2423 simul
252 2358 284 2421 in
304 2358 424 2424 cineres
440 2358 575 2443 rediget.
624 2358 657 2422 Si
673 2356 866 2422 monasterio
889 2369 946 2421 tuo
968 2379 1032 2421 non
1055 2356 1170 2443 parcis,
1186 2381 1283 2444 parce

139 2445 265 2531 corpori
281 2460 349 2511 tuo.
398 2446 510 2511 Sinon
525 2447 628 2531 parcis
643 2445 735 2510 nobis
750 2445 826 2533 quia
840 2444 1051 2529 peccavimus,
1067 2467 1162 2530 parce
1174 2459 1283 2511 tamen

140 2534 366 2599 confitentibus
381 2534 470 2621 quod
484 2532 713 2619 peccavimusl'
740 2534 823 2597 Haec
839 2545 873 2596 et
887 2532 1001 2596 similia
1015 2533 1094 2596 flens
1110 2546 1143 2597 et
1158 2534 1282 2618 ejulans

141 2620 235 2699 dixit,
263 2644 440 2772 corpusque
472 2619 676 2685 Dominicum
702 2620 766 2685 cito
792 2619 898 2685 afferri
920 2620 1084 2706 praecepit.
1133 2622 1281 2709 Cumque

141 2707 219 2772 foris
233 2709 362 2773 allatum
392 2709 501 2787 uisset,
518 2730 687 2773 conversus
699 2708 741 2773 ad
759 2708 914 2773 Sanctum
929 2708 1105 2773 Oswinum.
1145 2708 1281 2775 “Ecce'’

109 2852 114 2863 .
140 2795 284 2888 inquit'“
295 2798 384 2862 Deus
400 2810 510 2861 noster
523 2797 638 2862 Jhesus
657 2796 792 2862 Cristus.
837 2795 907 2860 Nos
919 2818 983 2860 nou
993 2818 1154 2861 meremur
1164 2797 1280 2877 audiri,

140 2907 200 2949 nec
233 2884 372 2950 Cristum
403 2884 619 2971 presumimus
646 2884 789 2970 precari;
813 2883 845 2947 iu
871 2884 1005 2948 articulo
1025 2885 1223 2951 necessitatis
1246 2901 1280 2952 te

140 2986 309 3058 patronum
333 2973 461 3052 exhibe,
489 2987 523 3039 et
545 2996 603 3059 pro
627 2972 719 3038 nobis
747 2973 888 3038 Cristum
914 2971 1106 3057 deprecare;
1129 2986 1166 3037 ut
1191 2976 1280 3061 quod

140 3061 254 3126 uostris
285 3062 404 3126 meritis
434 3085 497 3127 nou
531 3061 682 3140 valemus,
714 3074 771 3125 tuo
800 3059 979 3146 patrocinio
1015 3066 1280 3148 consequamur.’'

142 3148 254 3226 Dixit;
277 3165 311 3215 et
333 3172 406 3215 ecce
421 3165 534 3214 ventus
550 3149 655 3214 nullus
678 3147 823 3227 efficitur,
841 3161 874 3213 et
896 3147 984 3233 ignis
993 3146 1048 3236 qui
1066 3148 1135 3234 jam
1157 3150 1278 3235 lapides

139 3237 256 3302 multos
281 3240 312 3301 in
336 3237 524 3303 dormitorio
546 3238 773 3315 combusserat,
791 3251 824 3301 et
846 3235 1016 3300 timaeerid
1037 3236 1206 3301 nonnullos
1221 3262 1279 3303 ex·

138 3338 289 3404 casserat,
306 3326 462 3391 fenestras
477 3326 606 3413 quidem
621 3325 741 3409 ligneas
764 3337 798 3389 et
820 3324 968 3410 stipulam
984 3323 1098 3389 siccam
1114 3327 1192 3390 tecti
1205 3330 1278 3391 teti-

139 3412 196 3495 git,
213 3415 270 3479 sed
285 3414 383 3478 nichil
399 3413 552 3478 molestiae
568 3413 684 3476 intulit.
732 3412 959 3500 porticumque
975 3412 1111 3501 ligneam
1125 3414 1277 3480 stramine

140 3512 270 3579 tectam,
287 3501 386 3565 tribus
410 3500 551 3579 officinis,
575 3500 724 3564 videlicet
747 3500 857 3563 domui
873 3499 1009 3577 ardenti,
1027 3500 1225 3580 dormitorio,
1243 3517 1277 3567 et

139 3586 308 3652 refectorio
330 3589 543 3673 conjunctam,
574 3589 701 3651 flamma
731 3610 831 3652 vorax
860 3587 1075 3673 consumpsit3
1113 3588 1276 3677 fidemque

139 3675 290 3741 miraculo
313 3675 433 3741 faciens
446 3675 626 3754 certiorem,
649 3674 763 3763 quibus
779 3678 892 3764 juncta
911 3689 979 3741 erat
993 3676 1145 3767 pqrticus,
1162 3676 1276 3742 domos

139 3763 256 3842 insiliit,
275 3764 331 3829 sed
347 3764 367 3829 a
381 3765 503 3829 duabus
521 3764 606 3829 velut
622 3787 808 3850 repercussa
829 3763 950 3829 resiliit.
998 3764 1040 3828 Et
1056 3763 1146 3851 quasi
1161 3763 1278 3830 intelli-

137 3875 213 3937 gens
229 3852 260 3916 in
275 3876 370 3941 quam
382 3852 442 3917 sibi
456 3865 597 3939 potestas
612 3854 752 3932 daretur,
767 3866 800 3917 et
809 3853 841 3918 iu
856 3875 934 3939 quas
949 3874 1077 3938 prorsus
1092 3866 1283 3937 negaretur,

138 3940 260 4025 porticu
276 3942 442 4006 combusta
456 3943 584 4007 flamma
599 3941 687 4005 velut
701 3941 856 4006 obediens
876 3942 1005 4018 Sancto,
1024 3940 1143 4026 lapides
1160 3965 1275 4007 consu-

138 4029 244 4093 mebat
266 4028 299 4094 in
322 4029 509 4095 dormitorio
520 4042 565 4097 ·et
580 4028 751 4094 refectorio
768 4030 843 4116 jure
858 4040 991 4107 naturae,
1008 4028 1095 4114 ligno
1111 4044 1144 4093 et
1159 4030 1276 4115 stipula

138 4118 286 4201 parcebat
309 4118 394 4181 dono
455 4117 540 4183 atioe.
587 4117 742 4181 Mirandis
766 4116 910 4181 miranda
928 4118 1114 4181 succedunt.
1162 4118 1274 4184 Frater

138 4204 263 4293 quidem
280 4205 405 4269 nomine
416 4141 585 4285 fficmdus,
599 4207 642 4270 ob
651 4205 843 4270 defensionis
858 4212 985 4269 causam
1001 4218 1087 4270 tecto
1096 4206 1275 4271 dormitorii

138 4291 283 4371 insidens,
309 4294 434 4357 incaute
457 4294 476 4357 a
502 4293 650 4381 quopiam
674 4316 767 4380 aquae
788 4295 878 4379 jactu
894 4292 1080 4379 percutitur,
1097 4306 1131 4358 et
1145 4294 1186 4359 ad
1210 4294 1274 4359 ima

137 4380 278 4460 deicitur,
290 4381 346 4445 sed
361 4381 395 4445 in
409 4381 497 4446 nullo
507 4382 645 4447 laeditur.
684 4381 766 4447 Item
782 4383 911 4467 insuper
925 4394 1045 4445 tectum
1061 4380 1146 4446 idern
1161 4381 1270 4462 resilit,

138 4482 167 4532 et
185 4470 339 4554 flagrante
359 4469 517 4549 incendi0,
538 4471 668 4555 repente
688 4493 750 4556 per
761 4470 901 4534 medium
917 4470 985 4555 ejus
1000 4468 1138 4533 labendo
1154 4481 1272 4535 terram

138 4572 314 4642 penetrans,
335 4556 415 4644 ignis
431 4558 537 4623 medio
552 4557 733 4639 involvitur,
751 4558 808 4623 sed
832 4580 890 4622 nec
907 4570 981 4621 tunc
996 4554 1135 4621 laeditur.
1184 4558 1272 4633 Quid
