3142 5159
460 454 462 459 ⁸
568 485 679 535 neers
708 483 928 554 neruorum.

269 758 287 816 j
314 730 414 796 CAP.
439 729 820 884 XXXVls—ngfflq
834 754 905 816 quoe
913 734 1010 818 fluant
1024 736 1185 815 sunpreint's

246 881 247 884 ,
374 874 376 877 .
665 842 686 882 -α
821 867 829 884 .

213 986 229 1052 Ι
252 988 286 1053 sd
298 988 395 1055 etiam
410 989 463 1053 die
475 988 508 1051 in
523 990 668 1076 ¹ejusdem
680 990 784 1054 missae
793 989 1009 1069 solemnitate,
1023 990 1154 1077 qnidam
1167 990 1318 1077 R'ugerus

165 1076 207 1140 de
263 1076 505 1153 idlescbirtune,
519 1097 592 1139 cum
607 1076 673 1141 fllia
688 1076 781 1141 unicb
796 1077 919 1154 aderat,
933 1097 1006 1163 quae
1021 1077 1129 1141 multls
1144 1078 1317 1165 praeteritis

163 1162 253 1227 annis
264 1163 295 1225 in
307 1162 396 1226 fluxu
408 1162 571 1247 sanguinis
580 1163 802 1229 laboraverat.
844 1164 928 1238 Quae
938 1186 1012 1228 cum
1024 1176 1099 1229 ante
1111 1166 1316 1251 sepulchrum
1373 1220 1377 1228 .

161 1249 278 1314 Sancti
303 1248 456 1335 Martyris
475 1250 609 1334 jaceret,
631 1264 664 1314 et
688 1254 755 1337 ejus
778 1249 966 1335 imploraret
988 1250 1155 1330 auxilium,
1179 1252 1315 1338 repente

164 1336 262 1421 coepit
282 1336 447 1423 conqueri,
466 1336 599 1414 anxiari,
620 1358 780 1423 vocesque
799 1338 994 1403 miserandas
1013 1338 1171 1404 emittere.
1220 1338 1328 1403 Erat-·

164 1446 228 1511 que
248 1422 428 1488 miserabile
451 1424 668 1507 spectaculum
684 1423 867 1488 videntibus
883 1447 964 1489 eam.
998 1425 1104 1489 Voces
1120 1426 1217 1504 euim,
1234 1446 1314 1513 quas

164 1510 344 1587 emittebat,
361 1510 488 1574 interim
504 1510 600 1575 animi
616 1511 799 1575 indicabant
821 1511 975 1575 dolorem.
1023 1510 1142 1600 Neque
1162 1515 1248 1577 enim
1263 1513 1316 1577 vel

164 1598 230 1661 unt
244 1597 325 1662 hora
339 1596 371 1660 in
388 1596 531 1683 qualibet
554 1610 645 1682 parte
662 1598 828 1684 quiescere
851 1612 990 1682 poterat.
1037 1598 1124 1664 Nam
1139 1600 1166 1663 si
1181 1600 1318 1665 dextera

164 1697 256 1769 parte
272 1707 306 1748 sc
321 1694 474 1761 verteret,
491 1686 644 1748 continuo
659 1684 701 1749 ad
714 1684 875 1748 sinistram
892 1684 1111 1769 impingebat3
1127 1700 1160 1752 et
1175 1686 1223 1751 ita
1236 1709 1318 1774 quo-

165 1794 303 1857 cumque
316 1794 350 1835 se
362 1771 520 1849 vertebat,
535 1772 623 1857 quasi
638 1771 784 1835 violentis
799 1771 965 1834 hominum
976 1774 1123 1837 manibus
1132 1775 1316 1859 agitabatur

164 1856 326 1922 aliorsum.
374 1858 522 1944 Cumque
533 1859 601 1942 jam
617 1860 701 1943 pene
716 1859 829 1922 dolore
844 1858 986 1943 corporis
1002 1870 1035 1922 et
1051 1860 1214 1925 anxietate
1226 1861 1315 1924 vocis

165 1944 329 2023 deiiceret,
347 1944 477 2009 tandem
500 1945 622 2009 meritis
643 1944 751 2009 Sancti
777 1945 931 2031 Martyris
953 1945 1117 2031 paulisper
1131 1946 1263 2034 quierit,
1279 1959 1316 2010 et

165 2044 241 2099 mox
257 2032 377 2117 populo
393 2032 448 2119 qui
469 2032 592 2110 aderat,
610 2056 644 2096 se
660 2032 856 2096 sanissimam
872 2032 1021 2096 effectam
1036 2032 1198 2098 indicavit.
1246 2032 1317 2097 sic-

166 2137 230 2205 que
246 2119 382 2184 sanitate
397 2120 538 2204 recepta,
551 2118 626 2183 Deo
641 2133 674 2184 et
695 2119 815 2184 Sancto
832 2119 972 2206 Martyri
987 2120 1106 2204 gratias
1121 2143 1230 2207 agens,
1244 2140 1317 2185 cum

169 2220 260 2291 patre
279 2220 312 2271 et
328 2206 453 2271 caeteris
469 2205 656 2291 parentibus
672 2206 841 2270 incolumis
857 2207 899 2271 ad
918 2207 1047 2292 propria
1062 2210 1227 2274 remeavit.

401 2466 500 2531 cnr.
524 2464 811 2531 xxxma-ne
825 2470 917 2531 ora
931 2471 1074 2551 amam.

214 2638 304 2702 lnfra
319 2660 396 2702 vero
411 2638 493 2701 hanc
509 2637 756 2717 solemnitatem,
771 2638 862 2703 aliud
875 2638 1054 2723 jucundum
1070 2650 1103 2703 et
1118 2638 1316 2704 audiendum

166 2724 356 2789 delectabile
386 2723 521 2809 contigit
546 2725 745 2789 miraculum.
809 2726 937 2811 Pauper
963 2726 1083 2791 etenim
1114 2725 1245 2812 quidam
1275 2725 1317 2791 dc

168 2812 367 2896 Togisdene,
379 2833 451 2875 cum
464 2812 588 2875 caeteris
601 2813 656 2899 qni
668 2812 827 2879 medelam
843 2814 1031 2900 quaerebant
1042 2812 1195 2899 corporis,
1210 2812 1317 2878 eidem

167 2900 366 2964 solemnitati
390 2899 537 2965 occurrit.
588 2900 668 2965 Erat
691 2913 801 2964 autem
823 2901 951 2978 surdus,
969 2913 1003 2965 et
1026 2922 1069 2965 ex
1091 2895 1201 2964 multis
1225 2899 1317 2964 annis

165 3001 374 3074 utrarumque
389 2986 514 3052 aurium
530 2986 678 3051 amiserat
695 2987 864 3063 auditum,
879 2987 970 3071 pervi
993 2988 1015 3051 il
1030 2988 1138 3074 itaque
1154 3009 1228 3051 cum
1243 2997 1318 3051 catr-

166 3073 241 3139 dela
267 3074 470 3159 pernoctavit
493 3073 534 3137 ad
556 3074 761 3159 sepulchrum
784 3074 915 3157 gloriosi
940 3012 1105 3163 bibrtyris.
1155 3073 1220 3138 Sed
1243 3096 1318 3139 cum

166 3160 208 3225 nil
229 3162 363 3227 sentiret
387 3161 558 3239 commodi,
576 3160 700 3225 addidit
715 3160 757 3225 ad
779 3161 881 3225 simile
901 3179 992 3246 opus,
1010 3175 1044 3225 et
1065 3161 1238 3226 secundam
1262 3183 1317 3226 oc-

166 3250 276 3313 currit.
326 3248 392 3312 Sed
407 3270 481 3313 cum
497 3268 556 3313 nec
572 3247 616 3311 sic
636 3248 766 3335 aliquod
785 3250 920 3313 'sentiret
935 3248 1124 3327 remedium,
1141 3246 1266 3312 addidit
1281 3257 1317 3313 e't

166 3336 310 3400 terciam.
359 3338 440 3400 Cum
458 3358 532 3400 ecce
546 3336 646 3400 tercia
660 3350 766 3413 nocte,
783 3336 863 3400 hora
877 3337 941 3422 qua
955 3336 1070 3400 fratres
1084 3335 1317 3401 matutinorum

166 3421 344 3485 intererant
360 3423 472 3507 ymnis,
490 3422 624 3505 vigilans
640 3436 672 3486 et
687 3436 817 3508 apertos
832 3424 953 3487 habens
970 3423 1090 3501 oculos,
1105 3421 1184 3486 vidit
1200 3423 1241 3486 ab
1254 3422 1317 3486 ori-

166 3508 264 3571 entali
281 3520 372 3592 parte
387 3509 737 3593 sepulchriprocedere
752 3509 927 3592 gloriosum
945 3509 1070 3597 Regem
1085 3521 1119 3573 et
1136 3508 1318 3595 Martyrem

169 3594 347 3670 Oswinum,
379 3594 475 3677 regiis
508 3594 656 3658 indutum
685 3596 838 3671 vestibus,
870 3596 971 3685 regali
1009 3596 1127 3661 corona
1157 3608 1315 3660 ornatum.

173 3680 279 3754 Quam
303 3680 507 3765 praecedebat
528 3680 655 3766 juvenis
679 3682 910 3769 pulcherrimus
932 3684 1005 3747 alba
1027 3682 1168 3760 indutus,
1189 3680 1317 3747 situlam

167 3783 260 3855 aquae
273 3782 306 3833 et
322 3769 534 3855 aspersorium
549 3770 581 3832 in
598 3768 742 3832 manibus
758 3781 899 3854 portans.
947 3772 1031 3835 Cum
1046 3770 1175 3857 utrique
1197 3769 1318 3855 pariter

167 3856 265 3921 semel
289 3868 322 3921 et
345 3856 462 3920 iterum
478 3868 623 3919 sanctum
638 3856 858 3921 circumissent
872 3858 1088 3943 sepulchrum,
1106 3856 1207 3922 tercio
1222 3856 1256 3921 id
1270 3857 1319 3922 la-

167 3943 300 4021 cientes,
317 3943 515 4008 devenerunt
528 3942 569 4007 ad
585 3942 674 4007 illum
689 3945 806 4022 locum,
824 3944 878 4009 ubi
894 3944 1007 4009 surdus
1024 3944 1077 4008 ille
1097 3966 1218 4030 pauper
1240 3944 1319 4009 resi-

168 4030 276 4094 debat.
326 4030 546 4094 Substlterunt
569 4029 676 4117 itaque
700 4033 818 4108 ambo;
841 4046 873 4095 et
896 4054 972 4097 ecce
995 4031 1152 4116 gloriosus
1178 4030 1317 4133 Martpr,

168 4129 302 4202 accepto
318 4116 358 4182 de
374 4138 469 4181 manu
485 4120 641 4202 gestantis
657 4120 846 4203 aspersorio,
863 4118 990 4182 infirmo
1004 4118 1160 4204 porrexit.
1208 4119 1253 4183 At
1264 4114 1319 4185 tile

169 4204 234 4267 cito
257 4206 290 4267 in
307 4202 463 4269 sinistram
476 4216 600 4291 partem
616 4220 713 4289 eaput
725 4206 868 4284 flectens,
884 4228 993 4283 aurem
1008 4206 1054 4271 illi
1069 4207 1238 4271 dexteram
1262 4225 1320 4291 op·

169 4290 252 4357 tulit.
302 4291 339 4356 In
355 4289 417 4377 qna
437 4287 573 4355 Sanetus
590 4292 801 4377 aspersorium
817 4293 914 4371 misit,
931 4294 1061 4380 citoque
1082 4293 1228 4372 retraxit,
1252 4313 1321 4357 sur-

168 4378 367 4528 dltatemque
394 4378 477 4441 illius
505 4378 657 4443 auriculae
685 4379 816 4445 abstulit
842 4393 940 4469 atque
971 4380 1163 4466 pertransiit.
1224 4380 1320 4445 Tunc

168 4474 290 4552 pauper
305 4462 358 4530 ile
382 4464 580 4531 lacrimando
600 4465 791 4546 vociferans,
809 4468 988 4534 astantibus
1008 4469 1159 4545 diceban
1184 4476 1207 4509 “
1223 4464 1321 4545 Ecce,

727 4575 750 4616 n
