3142 5159
534 472 535 475 ‘
609 496 746 552 sevcrr
776 497 901 552 nuru.
1160 458 1163 465 ¹
1258 475 1326 551 125

183 662 381 748 pontificem,
409 686 448 730 eo
479 664 686 743 transferret3
710 675 901 732 attestantes
928 659 1074 731 sufficere
1100 685 1193 752 posse
1222 664 1327 730 eidem

184 752 328 856 ecclesiae
354 754 493 856 pignora
518 752 725 856 reliquiarum
752 768 938 821 sanctorum
961 768 1100 844 quatuor
1124 753 1325 855 pontificum,

184 843 299 931 qurbus
319 855 565 945 praeteripsum
591 867 660 930 ipsa
686 844 978 931 Haugustaldensis
1000 844 1135 910 ecclesia
1156 844 1328 931 magnifice

183 931 337 1017 polleret3
371 955 481 996 nescio
512 956 574 1021 qua
604 932 755 1017 opinione
785 932 874 999 ducti
906 945 943 998 ut
983 932 1126 999 dicerent
1154 932 1245 997 illum
1276 955 1330 997 ec-

182 1020 289 1085 clesiae
325 1020 537 1087 Eboracensis
567 1020 710 1088 extitisse
750 1022 936 1100 antistitem,
967 1045 1039 1088 cum
1072 1044 1133 1087 nec
1166 1022 1200 1085 in
1228 1020 1329 1086 histo·

182 1112 231 1175 ria
263 1110 363 1174 Bedae
392 1109 561 1197 presbiteri
591 1133 652 1176 nec
678 1112 712 1176 in
746 1112 819 1176 ullis
845 1110 951 1201 gentis
981 1110 1166 1199 Anglorum
1192 1109 1327 1175 cronicis

181 1198 245 1263 hoc
274 1200 465 1265 inveniatur.
534 1200 659 1264 Annuit
689 1223 768 1289 ergo
806 1223 917 1266 eorum
954 1202 1104 1287 precibus
1134 1200 1327 1286 importunis

184 1286 472 1374 Archiepiscopus3
495 1299 528 1353 et
543 1287 704 1354 ordinavit
730 1311 773 1353 ex
797 1290 852 1368 eis,
878 1287 933 1376 qui
950 1311 1067 1371 ,secum
1088 1298 1260 1375 pergerent
1286 1288 1328 1353 ad

183 1376 442 1454 Hestoldesham,
465 1376 507 1443 ad
523 1375 604 1441 illud
619 1377 797 1463 negotium,
825 1376 913 1481 quod
943 1378 973 1443 ei
999 1377 1228 1478 suggerebant,
1253 1399 1326 1462 per-

181 1466 353 1555 agendum.
405 1466 578 1531 Audientes
608 1478 717 1531 autem
742 1466 804 1531 hoc
829 1470 945 1531 iratres
961 1466 1106 1532 ecclesrae
1131 1465 1328 1553 Haugustal-

180 1556 298 1635 densis,
315 1553 408 1619 valde
431 1556 538 1619 tristes
561 1554 667 1619 effecti
696 1567 792 1632 sunt3
816 1567 858 1633 et,
886 1554 928 1619 de
948 1553 1083 1619 Domini
1108 1553 1328 1621 misericordia

180 1645 312 1709 tandem
327 1642 446 1707 fiducia
460 1655 602 1728 accepta,
619 1656 765 1707 sanctum
783 1643 889 1708 Eatan
900 1642 1031 1708 intentis
1046 1642 1195 1728 precibus
1210 1664 1325 1710 exora·

180 1733 269 1811 baut,
283 1754 324 1796 ne
338 1731 447 1795 locum
470 1753 567 1818 quem
581 1731 691 1797 vivens
715 1732 912 1810 excoluerat,
940 1731 1110 1811 dilexerat,
1137 1753 1258 1818 suaque
1275 1757 1325 1798 se·
1429 1768 1432 1773 ·

179 1821 310 1907 pultura
324 1819 588 1907 locupletaverat,
605 1818 796 1906 despiceret,
822 1819 998 1899 desereret,
1023 1841 1143 1908 suaque
1158 1819 1325 1905 presencia

179 1910 337 1975 viduaret.
397 1906 580 1973 Adveniens
627 1911 736 1996 itaque
764 1907 1062 1996 Archiepiscopus,
1097 1908 1325 1976 comitantibus

179 2021 287 2064 secum
302 1995 476 2083 supradicti
499 1996 622 2086 negotii
645 1996 898 2083 instigatoribus,
925 1997 968 2061 ad
992 1996 1252 2077 Hestoldesham,
1268 1998 1326 2063 ali·

177 2086 304 2176 quantis
335 2085 448 2152 diebus
477 2085 544 2150 illic
569 2085 752 2151 demoratus
783 2099 842 2152 est.
899 2085 978 2173 Ipsa
999 2098 1107 2153 autem
1132 2098 1237 2166 nocte,
1261 2110 1326 2175 qua

177 2187 348 2253 transacta,
364 2173 564 2240 venerabiles
587 2174 738 2262 reliquias
753 2188 920 2263 asportare
942 2173 1178 2261 disposuerant,
1200 2174 1235 2240 in
1258 2175 1327 2262 ipsa

178 2277 345 2354 tempestae
360 2262 463 2329 noctis
480 2261 598 2352 quiete,
616 2263 875 2352 Archiepiscopo
890 2284 1026 2350 sompno
1041 2263 1207 2351 depresso,
1224 2286 1325 2352 appa·

175 2353 242 2421 ruit
255 2352 285 2419 ei
299 2352 432 2441 quidam
447 2350 496 2417 vir
519 2352 703 2418 veneranda
725 2354 842 2438 specie,
859 2352 1036 2440 habituque
1058 2351 1237 2437 pontificali
1263 2353 1324 2418 cir-

177 2442 396 2520 cumamictus,
407 2453 440 2505 et
453 2440 577 2523 virgam
592 2441 785 2525 pastoralem
801 2440 835 2503 in
851 2462 948 2505 manu
962 2462 1079 2525 gerens
1094 2455 1126 2505 et
1137 2440 1323 2507 terribiliter

175 2532 349 2617 respiciens
365 2526 660 2614 Archiepiscopum,
677 2527 722 2593 sic
760 2527 920 2594 allocutus
936 2542 985 2594 est
1001 2550 1084 2594 eum.
1130 2528 1258 2605 “Quid
1273 2542 1321 2596 est

176 2618 264 2709 quod
277 2619 384 2683 facere
400 2614 571 2703 disponis?
616 2616 743 2682 Venisti
758 2616 833 2695 huc,
850 2630 887 2682 nt
901 2617 1007 2682 mede
1022 2618 1095 2681 loco
1111 2617 1227 2704 quietis
1239 2640 1321 2683 meae

175 2709 217 2774 ad
232 2707 371 2773 alienam
384 2706 561 2771 ecclesiam
572 2705 764 2783 transferas3
788 2706 878 2793 quod
902 2704 962 2770 tibi
984 2729 1004 2770 a
1029 2705 1174 2772 Domino
1194 2709 1322 2793 jussum

173 2820 241 2863 non
256 2808 315 2863 cst.
370 2793 457 2861 Dico
472 2792 531 2859 tibi
551 2792 626 2881 quia
641 2816 753 2881 poenas
778 2808 843 2860 tuae
864 2794 1117 2880 presumpcionis
1132 2794 1231 2860 luesr'
1276 2792 1321 2861 Et

176 2887 304 2951 elevans
315 2883 477 2962 baculum,
499 2904 596 2970 quem
618 2904 715 2948 manu
729 2883 888 2973 gestabat,
905 2882 1060 2968 percussit
1075 2905 1150 2947 eum
1164 2883 1213 2947 bis
1225 2903 1322 2969 super

174 2976 355 3051 humerum,
384 2986 416 3037 et
430 2972 628 3037 comminans
651 2973 681 3036 ei
706 2972 913 3037 vehementer
942 2970 1110 3057 disparuit.
1155 2970 1323 3061 Experge·

173 3064 275 3129 factus
290 3083 367 3127 vero
383 3060 655 3147 Archiepiscopus
679 3083 747 3145 prae
762 3060 864 3125 nimio
879 3060 994 3125 timore
1009 3059 1189 3124 exclamare
1205 3062 1323 3146 coepit3

175 3173 350 3239 omnesque
364 3149 498 3216 clericos
514 3170 622 3213 coram
651 3148 709 3213 illo
736 3150 933 3215 dormientes
959 3148 1094 3214 turbatis
1108 3147 1242 3213 vocibus
1265 3170 1324 3213 ex-

174 3241 294 3318 citavit,
310 3261 495 3325 pavensque
506 3248 540 3304 et
552 3250 702 3316 tremens,
715 3238 795 3325 quid
808 3236 938 3302 vidisset
948 3237 1000 3302 vel
1015 3260 1185 3323 perpessus
1200 3236 1321 3316 suisset,

175 3332 219 3397 eis
234 3328 351 3397 retulit.
399 3326 586 3417 Statimque,
611 3349 706 3390 mane
721 3328 820 3405 facto,
836 3324 923 3389 misit
944 3339 1077 3411 propter
1092 3326 1205 3391 fratres
1221 3325 1324 3391 eccle·

173 3419 248 3497 siae3
271 3414 460 3505 rogavitque
476 3442 531 3483 eos
545 3436 605 3500 pro
621 3437 655 3480 se
671 3436 785 3491 orare3
810 3428 888 3479 voto
903 3438 938 3478 se
954 3414 1101 3500 obligans
1117 3415 1204 3501 qnod
1219 3435 1323 3479 nunc·

173 3532 269 3596 quam
284 3503 420 3589 amplius
435 3506 533 3571 vellet
558 3502 724 3568 ecclesiam
755 3501 1072 3589 Haugustaldensem
1099 3502 1166 3567 ullo
1188 3525 1320 3567 suorum

172 3612 384 3682 patronorum
399 3592 547 3676 spoliare.
597 3590 690 3655 Idem
704 3604 770 3657 tres
794 3603 904 3656 autem
924 3592 1094 3656 continuos
1122 3589 1190 3656 dies
1216 3590 1249 3654 in
1271 3590 1320 3655 in·

172 3687 322 3758 firmitate
337 3680 498 3761 detentus,
520 3692 637 3771 quarta
648 3680 779 3747 demum
795 3679 848 3744 die
863 3678 1047 3757 convaluit;
1064 3680 1183 3768 sicque,
1199 3677 1319 3745 infecto

171 3776 303 3865 negotio
317 3792 378 3860 pro
393 3791 459 3858 quo
473 3781 616 3852 venerat,
641 3790 716 3839 cum
730 3768 855 3837 clericis
871 3770 935 3837 suis
964 3768 1149 3838 Eboracum
1172 3789 1319 3838 reversus

171 3876 229 3931 est.
