3142 5159
511 519 649 573 saxon
675 519 915 574 curunrnrr.
1234 505 1283 588 87

140 707 252 749 revera
271 682 417 770 quisquis
443 684 586 767 ipsorum
613 683 790 748 sanctitatis
809 683 944 771 vestigia
958 699 1103 763 noverat,
1121 688 1162 751 de
1178 687 1285 751 verbis

137 772 264 836 illorum
282 786 315 835 et
330 772 470 833 veritatis
485 774 716 855 protestatione
731 770 880 834 dubitare
895 794 960 835 non
976 787 1114 856 poterat.
1150 775 1286 839 Sanctus

139 861 289 947 equidem
319 856 498 921 Malachias
524 861 593 945 regi
621 858 727 921 David
757 858 942 921 Scottorum
968 882 1063 944 quam
1089 861 1228 945 plurima
1241 863 1285 925 'de

139 948 201 1011 hiis
226 945 346 1021 retulit,
373 957 406 1007 et
433 944 604 1008 Mamilius
620 967 784 1007 successor·
800 948 868 1031 ejus
886 946 1157 1031 Archiepiscopus
1173 948 1286 1011 eadem

139 1034 349 1121 postmodum
373 1032 575 1096 confidenter
591 1030 739 1105 astruxit,
757 1031 874 1117 quibus
891 1032 1053 1119 Eugenius
1072 1034 1286 1097 Hardmoniae

141 1123 322 1206 Episcopus
333 1118 481 1205 quaedam
492 1118 672 1183 distinctius
687 1121 859 1194 annexuit;
883 1121 940 1183 sed
956 1134 988 1184 et
999 1122 1065 1183 duo
1076 1120 1129 1184 alii
1145 1121 1288 1206 episcopi

140 1230 277 1295 quorum
298 1209 365 1292 jam
382 1205 514 1270 nomina
529 1206 729 1282 exciderunt,
748 1230 900 1270 unacum
917 1206 1009 1270 sociis
1032 1207 1173 1292 ipsorum
1197 1231 1288 1294 pres-

140 1296 260 1381 byteris
283 1307 316 1357 et
328 1292 451 1357 clericis
467 1295 527 1357 sub
551 1294 681 1357 diverso
697 1307 843 1378 tempore
867 1295 983 1358 nostris
1001 1297 1130 1359 uberius
1153 1298 1186 1359 in
1202 1295 1288 1359 auri-

141 1384 200 1447 bus
224 1380 419 1444 infuderunt.
469 1380 572 1444 Fuere
597 1382 692 1444 etiam
716 1382 865 1445 nonnulli
887 1383 1092 1468 quamplures
1117 1395 1149 1446 et
1178 1383 1287 1447 caeteri

139 1471 193 1556 qui
206 1470 276 1532 haec
292 1482 325 1532 et
341 1468 404 1531 alia
419 1466 459 1531 de
475 1468 546 1551 ipso
560 1490 662 1553 penes
678 1491 737 1532 nos
753 1468 839 1533 soliti
862 1469 988 1532 fuerant
1004 1470 1188 1547 contestari,
1206 1494 1286 1556 qoo-

139 1580 209 1642 rum
236 1555 361 1643 singula
388 1554 512 1640 paginis
528 1556 648 1632 videre,
682 1558 813 1619 modurn
834 1556 968 1620 rationis
987 1557 1099 1621 fuisset
1115 1559 1285 1622 excedere.

143 1645 242 1710 Unde
258 1642 435 1725 exemplari
451 1656 563 1705 nostro
585 1642 742 1728 quosdam
758 1645 874 1706 florum
891 1643 1072 1726 manipulos
1095 1643 1286 1709 inseruimus

139 1746 172 1796 et
190 1729 331 1795 tunicam
349 1729 501 1793 virtutum
524 1728 741 1813 polimitarem
768 1731 871 1793 Beato
888 1729 1069 1793 Cuthberto
1085 1732 1125 1793 de
1149 1746 1198 1796 tot
1212 1756 1286 1816 pro-

138 1819 292 1884 babilium
317 1816 505 1881 testimoniis
529 1815 750 1904 compegimus
774 1832 807 1879 et
830 1816 1038 1879 intexuimus.
1088 1816 1170 1880 Haec
1187 1819 1286 1905 igitur

139 1908 180 1971 ad
196 1906 351 1969 honorem
369 1918 400 1967 et
415 1903 549 1987 gloriam
568 1903 749 1967 Beatissimi
767 1903 942 1968 Cuthberti
966 1902 1198 1987 descripsimus,
1212 1929 1285 1992 quae

139 1994 169 2058 ei
188 1994 257 2057 fore
273 2006 366 2076 grata
391 1990 582 2054 munuscula
604 1992 812 2075 postulemus.
859 1994 941 2077 Age,
960 2013 1049 2073 erg0,
1070 1991 1169 2056 Beate
1190 1992 1285 2056 Pater

140 2081 332 2157 Cuthberte,
349 2079 436 2163 apud
454 2079 560 2141 Deum
572 2077 694 2163 jugiter
709 2092 742 2142 et
757 2080 804 2142 tui
820 2080 913 2165 egeni
931 2078 1043 2141 miselli
1056 2081 1207 2144 continue
1220 2103 1285 2144 me·

139 2192 210 2233 mor
233 2190 303 2232 esse
326 2166 459 2255 dignare
474 2165 621 2238 feliciter,
646 2180 679 2229 et
696 2165 756 2233 tuis
780 2166 1000 2229 sacratissimis
1015 2169 1280 2253 procumbentem

137 2256 310 2321 lacrimose·
329 2246 482 2341 ‘vestigiis
500 2275 564 2317 una
579 2266 685 2317 tecum
700 2253 826 2341 gaudiis
842 2252 946 2317 insere
961 2255 1172 2340 sempiternis.
1216 2256 1284 2320 Ubi

139 2365 266 2428 semper
290 2340 368 2405 vivis
392 2354 424 2405 et
444 2340 593 2428 gloriaris
610 2341 642 2404 in
657 2341 771 2428 gloria,
791 2340 913 2405 Christi
929 2341 1071 2405 cohaeres
1086 2344 1209 2431 gratiae,
1226 2366 1285 2427 per

140 2433 319 2496 seculorum
335 2429 443 2493 secula
457 2429 592 2492 infinita.
638 2429 758 2493 Anas.
804 2432 947 2510 Euolicit
957 2432 1096 2493 Libellus
1110 2432 1284 2494 deNativi·

138 2528 200 2584 tate
211 2520 316 2585 Sancti
333 2518 499 2582 Cuthberti.
