3142 5159
227 418 299 491 las
746 434 840 489 vrrs

1180 554 1186 591 Ι

227 602 472 671 elemosinarum
498 601 648 689 operibus
677 602 841 680 intentus3
873 598 1046 688 disciplinis
1076 598 1296 665 ecclesiasticis
1325 621 1369 664 ex

227 691 381 780 propositi
407 704 484 758 voto
498 692 662 768 redditus;
686 708 718 757 et
741 712 952 780 quaecumque
973 712 1030 775 per
1046 687 1192 776 spiritum
1217 690 1369 754 Sanctum

227 782 355 871 agenda
364 782 526 865 cognovit,
537 780 665 846 sedulus
677 804 715 846 ac
726 782 860 846 devotus
869 778 1101 845 amministrare
1114 779 1247 843 curavit.
1275 778 1371 842 Cum-

228 894 292 957 que
304 870 375 957 pius
391 870 552 936 Dominus
564 869 634 955 pios
650 870 719 955 ejus
734 870 860 934 labores
870 882 992 933 aeterna
1005 868 1154 933 mercede
1165 889 1373 932 remunerare

229 960 432 1036 decrevisset,
460 971 563 1023 tactus
601 972 649 1022 est
680 958 796 1023 morbo
822 956 975 1023 acerrimo
1002 958 1248 1035 interaneorum,
1276 978 1372 1043 quem

228 1048 346 1111 medici
358 1046 580 1112 discenteriam
596 1060 720 1115 vocant.
773 1046 848 1120 Quo
859 1069 919 1132 per
934 1047 1003 1111 dies
1017 1048 1270 1134 ingravescente,
1287 1045 1373 1110 velut

229 1158 343 1201 aurum
366 1158 426 1221 per
450 1138 559 1223 ignem
585 1136 798 1215 examinatus,
826 1137 963 1201 decocta
992 1134 1135 1199 omnium
1164 1147 1373 1220 peccatorum

227 1224 387 1312 rubigine,
403 1223 487 1288 diem
500 1224 612 1289 clausit
628 1238 826 1301 extremum3
850 1248 888 1288 ac
909 1222 1001 1313 regni
1017 1224 1153 1287 coelestis
1170 1224 1285 1307 januas
1299 1244 1373 1309 per-

226 1326 327 1399 petuo
349 1314 493 1378 victurus
508 1311 648 1391 intravit,
666 1327 822 1397 regnante
842 1313 973 1376 domino
995 1323 1107 1375 nostro
1122 1311 1199 1375 Jesu
1214 1312 1345 1377 Christo
1361 1333 1370 1387 3

229 1402 280 1467 cni
290 1415 337 1466 est
352 1402 507 1465 honoret
521 1401 624 1489 gloria
637 1402 671 1464 in
683 1401 790 1465 secula
805 1400 996 1467 seculorum.
1044 1402 1163 1465 Amen.

274 1489 424 1573 Sepultus
436 1511 513 1553 vero
529 1502 578 1554 est
594 1492 691 1575 juxta
705 1488 876 1553 sacrarium
890 1489 1033 1553 ecclesiae
1055 1488 1199 1574 praelatae
1217 1488 1373 1573 Haugus-

229 1578 382 1643 taldensis
398 1577 439 1642 ad
454 1577 582 1665 plagam
594 1577 814 1657 meridianam,
832 1591 864 1641 ct
878 1600 979 1664 parva
999 1575 1123 1663 capella
1136 1576 1265 1663 lapidea
1279 1600 1375 1662 supra

229 1666 390 1731 tumulum
417 1666 485 1751 ejus
509 1678 692 1731 constructa
706 1678 763 1731 est.
809 1666 864 1733 De
885 1689 950 1753 quo
965 1665 1209 1731 locoincertum
1234 1666 1373 1731 habetur

230 1773 259 1819 a·
279 1778 345 1841 quo
371 1753 544 1818 translatus
576 1753 627 1833 sit,
651 1779 689 1819 ac
719 1754 801 1819 inira
823 1755 993 1820 ecclesiam.
1009 1752 1042 1817 in
1068 1755 1188 1818 scrinio
1210 1755 1373 1842 condigno

228 1844 354 1908 honore
366 1842 552 1907 collocatus,
597 1845 752 1908 Attamen
765 1843 936 1908 verisimile
942 1842 1067 1907 videtur
1081 1841 1172 1907 illum
1182 1843 1370 1907 translatum

229 1932 325 1997 fuisse
341 1930 381 1995 ab
398 1930 533 1996 Alfredo
548 1931 616 1995 filio
641 1931 850 2011 Westuerum,
876 1932 1055 2017 presbitero
1072 1930 1298 1997 Dunelmensis
1320 1952 1372 1995 ec·

229 2020 344 2097 alesine,
361 2016 416 2105 qui
431 2019 628 2084 venerabiles
644 2020 710 2105 ejus
738 2043 935 2086 successores
958 2022 1080 2085 Accam
1103 2033 1137 2083 et
1152 2020 1371 2084 Alcmundum

229 2107 371 2172 deterre
392 2107 560 2174 levavitac
583 2108 668 2174 intra
691 2110 857 2175 ecclesiam
873 2108 908 2175 in
930 2108 1053 2175 feretris
1075 2108 1252 2176 honorilice
1275 2108 1371 2175 collo·

230 2211 324 2262 cavit·

319 2508 462 2587 Qualiter
478 2512 653 2593 prohibitos
674 2522 720 2577 cst
748 2512 883 2580 Thomas
906 2516 1112 2581 Eborocensis
1127 2512 1287 2597 Achiepis-

361 2621 453 2684 copus
463 2619 572 2683 corpus
586 2602 692 2667 Sancti
706 2604 801 2668 Eatoe
811 2607 855 2668 ad
868 2606 1043 2670 Eboracum
1057 2603 1240 2702 monestere.

276 2828 374 2892 Anno
401 2830 442 2895 ab
464 2831 690 2897 incarnacione
713 2832 848 2899 Domini
864 2854 991 2914 mcxrn,
1007 2834 1231 2921 pontificatum
1250 2829 1373 2895 Ebora-

233 2919 334 2981 censis
357 2916 500 2983 ecclesiae
516 2919 668 2985 nobiliter
684 2923 937 2989 amministrante
952 2926 1022 2988 viro
1031 2922 1185 3008 jocundae
1199 2920 1374 2997 mernoriae,

234 3004 361 3069 Thoma
389 3008 540 3085 secundo,
568 3010 717 3074 adierunt
741 3011 846 3097 ipsum
872 3011 1159 3099 Archiepiscopum
1176 3010 1307 3098 quidam
1331 3030 1375 3072 ex

232 3094 508 3160 archidiaconibus
521 3108 555 3160 et
569 3098 690 3163 clericis
706 3102 849 3187 ejusdem
862 3100 1015 3178 ecclesiae,
1029 3114 1061 3165 et
1073 3101 1164 3187 quasi
1176 3097 1375 3163 consulendo

232 3184 447 3269 suggerebant
467 3185 611 3269 providae
627 3189 694 3271 ejus
711 3189 916 3267 solicitudini,
932 3200 1165 3275 conquerentes
1181 3188 1266 3250 inter
1282 3209 1327 3262 se,
1344 3198 1376 3249 et

232 3268 375 3334 dicentes
392 3273 486 3335 nimis
501 3272 653 3355 injustum
666 3290 699 3338 et
710 3277 916 3341 indiscretum
926 3290 1113 3340 actumesse
1125 3274 1271 3339 ecclesiae
1284 3274 1376 3338 Ebo-

230 3359 362 3435 racensi,
388 3358 475 3445 quod
501 3359 589 3425 nullo
617 3376 801 3427 sanctorum
824 3366 1048 3450 episcoporum
1070 3385 1202 3428 suornm
1218 3361 1376 3447 corporali

230 3446 401 3532 praesentia
429 3446 586 3513 honorata
612 3464 706 3532 esset,
735 3453 793 3517 sed
816 3476 927 3517 omnes
954 3452 986 3516 iu
1011 3451 1080 3517 aliis
1106 3452 1245 3517 ecclesiis
1260 3449 1375 3515 merito

232 3533 411 3599 sanctitatis
435 3559 501 3600 suae
525 3538 567 3602 ab
590 3541 679 3604 omni
700 3542 823 3628 populo
838 3542 1005 3606 sullimiter
1019 3553 1260 3607 venerarentur.
1308 3538 1376 3604 Ad-

224 3626 373 3710 jecerunt
396 3638 502 3690 autem
528 3626 650 3710 justum
678 3652 756 3710 esse,
783 3644 820 3695 ut
843 3633 910 3716 ipsc
937 3631 1208 3717 Archiepiscopus
1232 3629 1376 3691 omnium

232 3712 346 3811 annisu
367 3734 400 3777 se
427 3713 664 3796 intromitteret,
687 3718 739 3782 vel
763 3741 865 3783 unum
890 3719 1030 3807 aliquem
1055 3731 1222 3806 pastorum
1245 3737 1375 3782 suorum

232 3812 438 3887 antiquorum
471 3802 513 3867 ad
547 3818 681 3871 matrem
711 3806 880 3873 ecclesiam
908 3829 1080 3885 revocare3
1114 3830 1157 3873 ne
1186 3801 1374 3870 omnimodo

231 3889 414 3953 veneranda
428 3889 632 3977 reliquiarum
650 3916 762 3959 eorum
777 3894 949 3981 praesentia
973 3896 1087 3961 orbata
1112 3916 1183 3961 esse
1202 3892 1375 3958 videretur.

217 3976 278 4042 ,Et
292 3978 443 4065 quoniam
459 3980 581 4063 primus
605 3982 856 4071 Archipontifex
881 3983 1022 4073 ejusdem
1049 3983 1194 4049 ecclesioe
1210 3981 1374 4061 Paulinus,

230 4065 288 4131 sed
313 4077 346 4130 et
372 4087 555 4133 succesores
585 4070 654 4156 ejus
682 4095 710 4136 ae
733 4094 774 4137 ue
801 4071 861 4139 viri
892 4072 1005 4153 sancti,
1034 4070 1231 4150 Wilfridus,
1244 4069 1374 4149 scilicet,

234 4152 377 4233 Ceadda,
394 4155 415 4219 J
417 4154 560 4221 ohannes
575 4174 609 4223 et
619 4095 787 4226 Oswaldus
803 4161 837 4226 in
852 4174 943 4228 tanta
957 4160 1169 4227 veneracione
1183 4161 1218 4225 in
1233 4158 1375 4225 ecclesiis

226 4241 303 4321 illis,
319 4242 484 4331 inquibus
501 4244 640 4312 almifica
654 4271 765 4315 eorum
789 4273 927 4337 corpora
948 4248 1089 4339 reposita
1111 4259 1196 4328 sunt,
1212 4246 1376 4314 habeban-

230 4342 294 4409 tur,
311 4344 346 4395 ut
362 4332 403 4397 de
417 4332 479 4398 illis
496 4335 726 4404 transferendis
742 4340 864 4405 frustra
877 4341 996 4405 inirent
1011 4338 1376 4423 consilium,'coeperunt

229 4441 346 4509 rogare
361 4444 434 4490 eum
455 4422 605 4513 quatinus
620 4439 766 4497 sanctum
785 4429 905 4513 Eatan,
922 4426 1064 4497 ecclesia·
1081 4422 1374 4515 chgustaldensis
