3142 5159
595 419 733 477 raucus
761 420 998 480 susurnam.
1314 412 1365 493 79

213 580 357 659 favente,
383 580 533 647 virtutem
557 580 587 645 in
613 596 773 647 mortuam
790 583 947 659 aviculam
962 583 1121 657 viventem
1138 585 1359 669 recipiamus?

218 666 345 742 Quibus
369 669 472 745 dictis,
495 690 573 733 mox
596 670 661 745 aris
689 685 817 735 mortua
839 669 949 733 vivens
964 693 998 734 se
1013 672 1126 751 erexit,
1142 696 1180 737 ac
1197 695 1284 737 more
1299 670 1360 738 sibi

213 757 377 842 quondam
408 756 502 833 solito
523 757 639 840 jocari,
665 757 789 833 exilire,
817 781 854 823 ac
880 759 1166 834 mansuetissimam
1191 784 1225 825 se
1241 762 1361 830 cunctis

212 844 379 921 exhibere,
403 844 526 931 populo
541 860 706 929 spectante
721 868 758 910 ac
774 846 921 923 mirante,
937 846 1047 932 coepit.

650 1205 769 1285 [CAP.
788 1205 923 1286 ΧΧΙΙ.]

255 1413 350 1493 'runc
376 1430 481 1515 puella
509 1425 650 1515 Brigida,
677 1430 718 1492 ad
745 1452 881 1512 puerum
908 1450 1070 1508 conversa,
1088 1430 1143 1498 ait.
1191 1440 1213 1473 “
1228 1432 1260 1497 Ο
1276 1440 1356 1519 puer

209 1511 424 1594 dilectissime,
457 1541 525 1593 noS,
554 1516 627 1580 Deo
652 1515 853 1603 providente,
884 1518 1018 1602 expedit
1042 1523 1125 1581 nulrc
1152 1520 1356 1609 inler‘p'osltas

210 1607 354 1669 nationes
383 1608 481 1689 adire.
541 1605 625 1668 Nam
654 1615 685 1667 tc
716 1604 828 1690 Anglis
853 1604 883 1666 in
911 1608 1034 1669 oriente
1059 1594 1156 1690 hujus
1184 1612 1355 1692 provinclae

209 1694 352 1757 oriundis
380 1682 540 1758 Dominus
568 1692 751 1768 destinavit,
780 1712 832 1754 me
857 1707 965 1755 autem
992 1692 1244 1759 occidentalibus
1260 1703 1354 1761 lerrae

212 1778 470 1865 Hybernensiunr
494 1780 610 1845 accolis
626 1779 828 1843 reser·va'vll.”
850 1854 853 1862 Ι
875 1779 1152 1867 Consolantesque
1167 1797 1201 1844 se
1217 1797 1249 1846 et
1265 1784 1354 1848 abln-

208 1870 311 1933 'vicem
334 1870 507 1945 decessere,
532 1880 590 1932 nec
614 1890 682 1930 sese
706 1866 911 1952 postmodum
935 1865 968 1930 ln
991 1878 1087 1930 carne
1108 1868 1250 1932 ii'ventes'
1266 1869 1353 1937 'ville-

207 1971 293 2023 runt.
342 1957 553 2021 Postmodum
579 1977 655 2018 vero
680 1970 742 2017 una
765 1961 837 2018 curli
850 1966 953 2017 matre
969 1965 1047 2039 pue'r
1062 1954 1103 2017 ad
1118 1954 1262 2035 insulam,
1279 1966 1352 2047 qirae

210 2042 267 2126 Hy
294 2045 421 2122 dicitur,
446 2044 609 2129 profectus
634 2049 700 2118 est}
725 2042 779 2105 'ubi
804 2040 987 2127 aliquandi'd
1008 2049 1080 2105 curn
1106 2043 1261 2130 religiosis
1277 2050 1351 2111 ullis

206 2130 267 2193 loci
291 2132 373 2195 illlus
397 2144 602 2195 conversatus
625 2144 683 2195 est.
731 2130 842 2195 Mater
857 2146 965 2194 autem
981 2131 1083 2213 pueri,
1101 2133 1176 2216 quia
1190 2132 1271 2210 duos
1287 2136 1350 2198 fra·

208 2232 271 2281 tres
292 2242 463 2306 germanos
482 2219 656 2283 Pontifices
681 2218 723 2289 in,
740 2220 906 2302 provincia
924 2219 1109 2292 Scottorum
1126 2219 1249 2298 habuit,
1274 2222 1349 2288 Deo

205 2306 393 2389 inspirante,
419 2307 459 2370 ad
487 2305 670 2369 invisendos
694 2305 763 2367 illos
788 2307 832 2369 ire
848 2305 1016 2389 disposuit.
1065 2306 1213 2393 Uterque
1230 2313 1350 2374 etenim
1383 2328 1387 2334 '

205 2392 237 2454 in
268 2394 376 2458 Scotia
408 2395 568 2478 Episcopii
592 2392 703 2455 sedem
728 2392 849 2459 habuit.
901 2392 1046 2465 Quorum
1063 2415 1144 2456 unus
1163 2395 1346 2475 Meldanus,

205 2480 286 2544 alter
309 2505 385 2546 vero
410 2482 554 2545 Eatenus
578 2480 760 2543 vocabatur.
813 2481 914 2542 Soror
936 2480 1034 2566 igitur
1055 2502 1166 2542 eorum
1191 2505 1348 2548 unacum

205 2566 347 2651 ipsorum
369 2591 485 2653 nepote
501 2569 558 2631 illo
573 2568 787 2651 properanter
802 2565 890 2638 abtin
907 2580 940 2629 et
956 2567 1064 2629 omnia
1078 2590 1151 2652 quae
1167 2568 1200 2631 in
1218 2569 1282 2633 vita
1297 2573 1349 2635 vel

205 2654 238 2719 in
255 2656 306 2720 via
331 2657 373 2720 eis
394 2658 604 2743 contigerant,
622 2667 770 2739 patenter
794 2653 951 2736 exposuit.
999 2652 1163 2717 lntirnavit
1179 2671 1286 2720 autern
1301 2662 1347 2723 eis

204 2766 238 2807 se
262 2759 370 2807 votum
399 2744 508 2818 fecisse
526 2744 719 2805 Sanctorum
736 2739 966 2825 Apostolorum
979 2739 1066 2803 Petri
1078 2755 1114 2818 ⁴et
1136 2743 1225 2806 Pauli
1240 2745 1349 2810 limina

203 2829 338 2895 invisere
365 2830 566 2915 disposuisse,
585 2842 616 2892 et
645 2830 737 2913 hujus
762 2830 827 2891 v‘oti
843 2828 998 2911 compede
1015 2836 1048 2891 et
1064 2823 1233 2909 desiderio,
1251 2836 1346 2897 etiam

203 2920 374 3005 antequam
398 2918 439 2981 de
456 2900 601 2982 ibernia
617 2917 730 2991 exiret,
749 2930 782 2978 s'e
799 2936 905 2978 coram
933 2905 995 2977 Dei
1009 2918 1180 3000 praesentia
1195 2920 1254 2982 sub
1271 2916 1347 2985 fld'ei

201 3007 322 3069 foedere
338 3007 492 3089 colligari.
543 3005 681 3089 Spiritus
706 3002 814 3067 Sancti
837 3002 976 3088 denique
993 3004 1108 3066 virtute
1125 3006 1257 3068 fratrum
1272 3019 1347 3093 p'ec-

202 3110 273 3157 tora
288 3085 434 3170 docente,
453 3114 586 3179 puerum
605 3087 646 3154 de
661 3092 769 3155 r'natris
785 3091 906 3153 sinibus
922 3089 1073 3153 eductum
1091 3093 1289 3177 percipinlrl3
1312 3111 1346 3160 et

200 3186 261 3265 pr'o
285 3184 366 3246 votis
389 3184 451 3245 suis
467 3179 691 3264 adimplendis,
709 3200 852 3242 sororem
867 3184 940 3264 quaa
956 3178 1143 3243 decreverat
1159 3178 1344 3271 diligentins

200 3268 386 3335 instructam
403 3259 491 3333 abire
507 3266 707 3353 permittunt.
780 3282 783 3291 '

621 3621 740 3709 [cur.
765 3624 918 3709 xuni]

243 3854 394 3939 Episcopi
415 3856 513 3939 igitur
536 3850 708 3915 Meldanus
735 3862 768 3914 et
787 3848 929 3913 Eatauus
944 3866 1080 3935 puerum
1106 3852 1141 3915 in
1162 3870 1220 3916 sua
1242 3860 1341 3922 susci.

195 3944 334 4029 pientes,
358 3944 484 4007 crudam
502 3940 671 4005 Lodonico
691 3938 842 4025 religioso
857 3938 1062 4001 committunt
1077 3941 1165 4003 viro:
1188 3942 1245 4005 ubi
1260 3960 1341 4029 puer

198 4030 398 4096 Cuthbertus
425 4035 507 4094 inter
531 4041 714 4093 coaetaneos
740 4043 814 4087 curn
837 4024 1039 4108 simplicitate
1054 4025 1175 4112 deguit.
1223 4029 1339 4100 Nullus

195 4119 344 4205 equidem
360 4119 442 4183 inter
465 4118 632 4181 consocios
648 4113 766 4188 mitior,
784 4110 832 4174 vel
844 4111 1019 4195 jocundior
1033 4131 1101 4179 esse
1116 4118 1238 4201 potuit3
1262 4123 1338 4206 qnia

193 4209 277 4271 inter
293 4225 359 4269 suae
376 4206 479 4270 aetatis
495 4222 661 4289 compares
677 4201 765 4262 omni
781 4199 1003 4264 delectationis
1018 4216 1135 4285 genere
1150 4226 1184 4268 se
1199 4204 1340 4275 libenter

194 4294 349 4361 exercuit.
398 4294 497 4360 Unde
510 4290 659 4355 omnibus
682 4288 716 4351 in
734 4286 859 4351 cunetis
880 4288 1085 4373 complacuit,
1101 4292 1177 4377 qnia
1189 4296 1339 4364 omnibns

194 4387 228 4448 ‘se
252 4382 360 4447 urnula
386 4404 445 4468 pro
472 4397 533 4446 suu
556 4390 651 4466 posse
675 4379 727 4442 rel
741 4378 859 4442 virtute
873 4375 1033 4446 exhibuit.
1082 4378 1148 4453 Qui
1162 4373 1337 4468 aliquando
