3142 5159
537 458 646 509 uuors
673 458 892 509 uaruouuur.
1241 444 1291 522 47

142 625 250 714 quieti
268 622 452 687 morrasticae
468 634 607 699 vacaret,
623 622 643 685 a
657 620 732 685 villa
745 622 804 687 suit
821 620 1049 687 Herdfordiarn
1064 622 1172 698 veuit3
1195 634 1228 687 et
1242 622 1287 687 ibi

142 738 221 779 cum
231 711 393 777 monachis
405 710 467 775 loci
478 708 683 796 permissione
694 710 817 775 abbatis
829 710 870 776 de
886 710 1005 775 Sancto
1018 710 1155 789 Albano,
1164 732 1288 776 morem

145 824 206 888 per
230 814 330 865 totam
355 797 619 885 quadrigesimam
642 796 730 863 fecit.
775 798 922 882 Contigit
944 810 1054 864 autem
1076 821 1118 863 eo
1142 812 1289 883 tempore

146 912 249 955 unu-m
263 888 304 955 de
319 887 468 951 fratribus
484 884 558 962 suis,
579 885 753 952 Henricum
769 885 906 963 nomine,
917 885 1008 970 gravi
1023 885 1188 952 oculorum
1199 886 1289 951 labo-

137 1000 221 1043 ·rare
234 974 446 1043 incommodo.
488 973 554 1047 Qui
566 972 675 1059 aliqua
688 973 883 1039 colliriorum
897 995 1016 1058 genera
1027 973 1201 1041 curationis
1216 997 1289 1059 per-

146 1087 293 1142 currens,
307 1078 431 1147 tempus
447 1062 635 1138 redimebat,
653 1062 709 1127 sed
719 1062 887 1127 oculorum
896 1062 1014 1126 nubem
1028 1084 1094 1125 non
1116 1062 1288 1127 adimebat.

153 1154 234 1220 Erat
245 1165 357 1217 autern
372 1174 411 1215 eo
428 1165 571 1234 ternpore
587 1150 716 1235 quidam
732 1150 831 1215 frater
851 1152 883 1213 in
898 1148 1035 1233 collegio
1050 1149 1104 1213 illo
1117 1150 1291 1215 monacho-

150 1264 233 1318 rum,
247 1240 305 1326 qui
332 1240 487 1303 Sanctum
514 1238 638 1321 Regem
665 1252 698 1304 et
724 1237 905 1323 Martyrem
931 1237 1094 1303 Oswiuum
1114 1238 1290 1303 affectuose

151 1328 315 1413 diligebat,
333 1339 367 1390 et
387 1325 531 1410 laeuum
546 1326 613 1410 ejus
628 1324 818 1411 passionem,
836 1323 1061 1401 inventionem,
1085 1337 1118 1391 et
1140 1326 1291 1392 nonnulla

151 1419 219 1501 ejus
235 1412 386 1481 miracula
397 1414 629 1490 continentem,
645 1414 732 1498 apud
749 1438 784 1479 se
803 1414 952 1479 habebat.
998 1412 1066 1487 Qui
1080 1414 1232 1479 oecodens
1247 1414 1290 1480 ad

142 1504 331 1575 ¹Hemricum
343 1502 511 1567 oculorum
527 1500 672 1585 passione
688 1502 781 1569 valde
798 1513 975 1587 gravatum,
993 1511 1018 1543 ‘⁶
1033 1502 1069 1567 Si
1083 1502 1161 1579 vis,''
1173 1501 1288 1588 inquit,

154 1592 336 1657 “detento
349 1590 461 1655 dolore
481 1588 568 1653 ocius
586 1590 816 1666 convalescere,
834 1589 977 1656 libellum
998 1588 1083 1655 hunc
1105 1590 1205 1655 oculis
1228 1589 1291 1654 tuis

149 1680 287 1745 credens
299 1700 439 1762 appone,
456 1692 489 1741 et
503 1676 545 1741 de
559 1676 674 1741 merito
691 1677 798 1741 Sancti
816 1676 980 1761 Martyris,
996 1676 1038 1743 de
1053 1685 1117 1763 quo
1131 1677 1292 1763 couscrip-

153 1782 206 1830 ωε
219 1780 282 1843 est,
299 1787 466 1849 praesume,
479 1778 513 1829 et
528 1763 740 1831 convaletis?
787 1763 934 1830 Credidit
948 1775 983 1828 et
997 1764 1115 1853 tetigit,
1128 1779 1163 1830 ct
1176 1766 1210 1831 in
1225 1768 1291 1832 iota

154 1855 240 1921 oculi
254 1853 347 1919 dolor
362 1852 527 1919 octaorum
542 1852 682 1917 evanuit.

371 2114 472 2180 err.
491 2112 757 2183 XXuiro-ue
770 2116 877 2197 muts
893 2116 1076 2197 waima.

145 2355 148 2361 ,
202 2291 284 2355 Cum
300 2312 446 2374 supernae
468 2289 627 2373 majestati
642 2290 754 2355 crebra
774 2302 810 2355 et
830 2289 1018 2356 admiranda
1039 2289 1201 2367 miracula,
1218 2313 1291 2380 quae

153 2400 215 2463 per
243 2376 358 2443 merita
372 2377 480 2442 dilecti
496 2376 602 2441 militis
626 2392 658 2441 et
681 2377 791 2441 invicti
816 2378 914 2465 Regis
937 2392 971 2443 et
994 2371 1148 2464 Martyris
1174 2378 1294 2444 Oswini

155 2465 278 2531 dudum
300 2479 432 2550 operata
452 2465 558 2529 fuerat
579 2486 735 2529 renovare
757 2466 938 2549 placuisset,
953 2478 1088 2547 contigit
1110 2464 1218 2529 divini
1234 2488 1293 2531 nos

157 2553 305 2617 visitante
318 2552 432 2639 gratio,
448 2552 498 2615 his
512 2554 627 2617 nostris
638 2553 834 2635 temporibus
846 2552 952 2617 subito
966 2553 1113 2638 quaedam
1126 2554 1293 2626 renovatio

157 2640 394 2709 miraculorum.
441 2639 544 2723 Igitur
567 2638 801 2725 propinquante
831 2640 883 2704 die
911 2639 1119 2706 solemnitatis
1148 2640 1294 2725 praedicti

161 2727 259 2812 Regis
274 2740 307 2791 et
324 2727 476 2813 Martyris
494 2726 626 2804 Oswini,
643 2728 706 2813 qui
721 2726 824 2812 passio
839 2726 935 2813 ipsius
947 2727 1079 2794 celebris
1102 2728 1291 2807 habebatur,

158 2815 251 2879 multi
267 2839 309 2880 ex
324 2815 453 2879 diversis
469 2814 545 2879 locis
568 2816 609 2879 ad
631 2814 727 2900 ipsius
750 2816 928 2880 convenere
950 2817 1113 2891 tumbam3
1136 2829 1203 2883 tam
1224 2840 1295 2883 cor-

159 2903 245 2989 poris
268 2926 362 2990 quam
387 2904 500 2967 animae
521 2916 700 2989 quaerentes
722 2904 890 2967 medelam.
937 2904 1026 2969 Inter
1048 2926 1125 2991 quas
1147 2902 1296 2991 quaedam

160 2992 277 3078 puella,
294 3013 448 3055 annorum
464 2992 532 3055 fere.
547 2990 697 3069 sedecim,
715 3004 787 3055 orta
801 2991 833 3055 in
848 2992 922 3055 villa
930 2993 971 3055 de
988 2991 1224 3079 Tyuemudthi,
1241 3015 1296 3056 cu-

155 3080 286 3165 jusdam
301 3078 447 3164 pauperis
465 3079 546 3145 Orm
560 3079 688 3143 nomine
699 3080 765 3149 filia
777 3081 880 3158 unica,
893 3079 1000 3164 vigilia
1019 3078 1127 3143 Sancti
1144 3080 1295 3166 Martyris

160 3168 317 3253 reptando
339 3168 484 3232 manibus
507 3180 541 3232 et
563 3167 708 3251 genibus,
724 3168 884 3246 baculum,
902 3191 966 3254 quo
988 3191 1022 3231 se
1038 3167 1208 3253 aliquando
1231 3192 1298 3232 sus-

162 3268 352 3333 tentaverat,
379 3268 452 3340 post
478 3279 511 3320 se
538 3254 760 3323 miserabiliter
785 3256 925 3333 trahens,
951 3255 993 3321 ad
1016 3257 1159 3321 tumbam
1176 3257 1297 3324 *Sancti

161 3343 291 3409 devenit
304 3366 312 3419 ;
336 3342 436 3411 tribus
449 3343 570 3409 etenim
585 3343 674 3409 anuis
689 3345 803 3413 morbo
818 3343 959 3428 paralisis
981 3343 1062 3409 adeo
1084 3343 1295 3423 laboraverat,

164 3445 200 3493 ut
225 3431 285 3493 sub
300 3430 450 3493 umbilico
465 3444 569 3496 totum
583 3431 750 3497 amisisset.
796 3432 885 3497 Dum
909 3432 1006 3516 igitur
1028 3431 1062 3498 in
1086 3432 1200 3498 eodem
1223 3434 1296 3498 loeo

163 3516 347 3593 constituta,
377 3516 561 3603 frequenter
584 3534 618 3582 et
647 3519 763 3583 devote
795 3519 904 3585 Sancti
934 3518 1086 3606 Martyris
1115 3520 1300 3605 imploraret

165 3602 331 3681 auxilium,
359 3617 454 3667 nocte
482 3605 561 3669 dum
586 3605 698 3671 fratres
733 3607 905 3671 matutinos
931 3608 1149 3691 persolverent
1173 3631 1297 3695 ymnos,

164 3691 322 3757 medelam
344 3691 461 3769 sensit3
484 3693 632 3770 surrexit,
649 3705 683 3757 et
705 3715 812 3759 coram
834 3696 954 3779 populo
976 3695 1031 3782 qui
1051 3695 1172 3774 aderat,
1189 3698 1300 3763 ambu-

151 3781 230 3871 lare
246 3778 353 3863 coepit.
400 3782 602 3868 Arreptoque
624 3780 749 3860 baculu,
767 3806 832 3869 quo
854 3781 1026 3870 aliquando
1039 3783 1158 3851 debilia
1177 3796 1302 3853 susten·

166 3881 290 3933 taverat
313 3868 455 3947 menbra,
474 3868 549 3935 Deo
572 3882 605 3933 et
631 3870 749 3937 Sancto
774 3871 918 3957 Martyri.
934 3872 1051 3955 gratias
1072 3895 1181 3956 agens,
1205 3896 1300 3958 super

167 3955 263 4107 ipsitps
286 3955 404 4109 Sanctii
413 3956 514 4023 altare
531 3957 660 4043 opmlit,
675 3981 714 4023 ac
729 3958 845 4029 deiude
860 3959 903 4025 ad
922 3960 1042 4048 proprii
1056 3964 1155 4045 patris
1170 3962 1301 4029 domum

151 4052 239 4110 moo'
254 4066 331 4109 umis
346 4067 381 4108 re
405 4044 453 4109 iit.

430 4308 527 4373 err.
552 4309 812 4375 xxxia-oe
829 4271 927 4393 mro
941 4316 1038 4394 tapso.

213 4481 252 4545 ln
267 4479 333 4566 ipsi
349 4480 559 4563 solemnitate,
574 4484 707 4551 rusticus
724 4486 851 4572 qnidam
868 4488 908 4551 de
923 4487 1070 4553 Ambellt
1084 4487 1183 4553 filium
1199 4512 1301 4569 suum,
