3142 5159
518 506 522 514 ·
561 501 673 550 nnors
700 500 922 549 nnruouuu.
1031 526 1035 537 ·
1293 485 1317 549 3

164 685 227 726 uon
243 663 345 739 novit,
364 662 499 726 Sanctus
520 661 687 727 Oswaldns
704 675 856 740 armatus,
870 660 1008 747 praefato
1020 652 1191 726 Caedwalae
1203 661 1317 727 obvius

161 751 196 812 in
208 750 280 815 loco
293 750 347 837 qui
364 750 481 815 dicitur
498 750 724 815 Deniseburna
735 748 874 813 occurrit
887 771 896 823 3
913 748 1130 835 traditumque
1143 747 1161 811 a
1174 749 1317 813 Domino

160 837 194 900 in
209 859 321 903 manus
336 860 408 901 suas
420 836 497 901 fidei
513 836 681 901 Cristianae
696 836 923 900 insectatorem
939 836 1203 922 credentiumque
1216 859 1320 922 popu-

159 925 298 989 latorem
323 927 354 988 in
378 947 433 988 ore
457 924 557 1008 gladii
579 923 755 1009 percussit:
780 936 814 987 et
837 945 903 986 non
923 923 1026 987 solum
1049 922 1156 987 fratris
1173 923 1317 989 AEnfridi

161 1034 326 1076 successor
352 1011 583 1089 Berniciorum,
601 1011 658 1075 sed
673 1010 763 1098 quasi
775 1010 935 1075 AEdwino
957 1010 1116 1075 avunculo
1136 1033 1195 1075 suo
1213 1013 1254 1074 ab
1270 1010 1318 1075 in-

162 1111 281 1163 testato
304 1099 488 1176 succedens,
506 1120 565 1183 per
586 1121 704 1162 novem
724 1120 824 1162 annos
847 1111 1016 1183 utramque
1039 1097 1072 1159 in
1087 1120 1182 1162 unam
1208 1097 1318 1163 Nord-

164 1187 429 1271 thanymbrorum
455 1200 587 1271 gentem
611 1186 772 1273 redigens,
798 1186 922 1249 summa
944 1207 1018 1248 cum
1043 1185 1196 1271 aequitate
1219 1185 1317 1251 rexit.

164 1272 312 1337 Tandem
335 1285 408 1359 post
430 1296 545 1357 regum
572 1287 802 1358 apostatarum,
833 1270 936 1337 Osrici
961 1270 1082 1336 scilicet
1105 1285 1137 1337 et
1160 1271 1314 1350 AEnfridi‚

161 1373 299 1424 mortem
323 1361 433 1445 elapso
456 1359 660 1438 decenni0,b
688 1359 799 1424 Penda
823 1359 1022 1423 Merciorum
1040 1382 1118 1447 rege
1142 1382 1267 1444 pagano
1284 1360 1316 1423 in

161 1448 234 1511 loco
250 1449 305 1534 qui
323 1447 500 1513 Maresfeld
515 1447 642 1523 dicitur,
664 1448 800 1512 Sanctus
821 1446 987 1511 Oswaldus
1003 1446 1176 1510 discrimini
1198 1447 1314 1533 patuit,

163 1547 195 1598 et
221 1535 321 1619 gladii
341 1534 615 1600 animadversione
630 1535 672 1599 ad
695 1534 837 1599 caelestia
851 1557 951 1618 regna
967 1534 1137 1598 translatus
1153 1546 1202 1598 est
1212 1558 1222 1611 3
1245 1558 1317 1599 suc-

150 1622 322 1709 cessitque
338 1625 368 1688 ei
388 1622 421 1686 in
440 1645 575 1711 regnum
594 1622 694 1685 frater
709 1626 777 1709 ejus
796 1622 915 1685 nothus
935 1620 1022 1686 Oswi
1040 1622 1180 1705 juvenis,
1195 1622 1317 1685 tricesi-

163 1732 251 1773 mum
260 1710 328 1793 jam
341 1732 439 1797 agens
455 1732 584 1787 annum,
598 1731 797 1795 regnumque
813 1721 996 1793 susceptum
1012 1732 1070 1793 per
1081 1732 1181 1773 annos
1196 1709 1262 1773 duo
1274 1710 1316 1774 de

164 1797 297 1880 triginta
318 1796 564 1861 laboriosissime
581 1798 695 1859 tenuit.
743 1796 905 1880 Tempore
928 1808 1037 1860 autem
1060 1818 1124 1882 quo
1152 1796 1316 1861 Caedwala

164 1884 329 1968 tyrannica
351 1884 442 1948 clade
462 1883 609 1960 vastavit,
632 1884 681 1947 vel
708 1883 844 1947 Sanctus
869 1883 1036 1947 Oswaldus
1054 1882 1142 1967 regia
1162 1882 1316 1969 aequitate

166 1985 230 2033 tam
255 1970 439 2057 Deyrorum
456 1994 551 2057 quam
579 1970 802 2035 Berniciorum
816 1984 949 2057 gentem
968 1970 1158 2048 moderavit,
1181 1971 1317 2035 Sanctus

169 2058 316 2122 Oswinus
329 2058 405 2121 exul
421 2081 532 2143 agens,
547 2057 716 2123 Cristianae
731 2057 894 2141 religionis
910 2058 1065 2142 pietatem
1075 2060 1203 2145 juvenis
1219 2082 1317 2123 exco-

163 2144 224 2208 luit
230 2169 238 2220 ;
256 2146 406 2231 omnique
419 2168 545 2209 morum
555 2144 723 2209 nobilitate
733 2168 906 2230 generosos
916 2144 1039 2209 natales
1051 2144 1188 2210 ornavit.
1236 2146 1317 2209 Erat

164 2230 249 2295 enim
275 2232 392 2297 virtute
417 2248 575 2311 strenuus,
605 2246 711 2297 mente
737 2256 848 2310 senex,
875 2234 974 2297 affatu
997 2231 1135 2318 humilis,
1160 2232 1317 2317 sapientia

163 2320 327 2397 sublimis3
351 2342 446 2407 quam
470 2320 515 2405 pii
530 2320 637 2385 cordis
653 2322 869 2385 venerabatur
891 2320 1078 2384 continuata
1094 2321 1245 2385 devotio:
1269 2334 1315 2399 et,

127 2467 130 2473 ,
161 2422 200 2470 ut
215 2406 342 2486 dicitur,
361 2410 475 2472 mentis
491 2407 611 2492 pariter
627 2420 660 2471 et
676 2408 819 2493 corporis
832 2408 1051 2492 integritatem
1072 2407 1215 2471 Domino
1230 2408 1316 2472 intus

162 2493 195 2556 in
219 2494 325 2559 animo
342 2517 539 2571 consecrans,
556 2495 695 2559 alterum
709 2518 743 2558 se
764 2495 897 2579 Joseph,
915 2510 949 2559 et
972 2494 1106 2559 decorus
1122 2510 1253 2579 aspectu
1270 2509 1315 2573 et,

163 2594 280 2658 castus,
298 2580 382 2645 inter
404 2581 489 2645 cives
514 2581 688 2666 AEgyptios
712 2580 870 2645 exhibuit.
917 2581 1167 2667 Observansque
1190 2594 1316 2667 tempus

126 2688 127 2692 ’
163 2689 341 2751 congruum
356 2667 514 2732 redeundi
529 2668 571 2731 ad
586 2666 733 2752 patriam,
751 2691 827 2732 ecce
843 2669 975 2732 tandem
989 2681 1063 2753 post
1078 2682 1187 2733 actum
1202 2668 1234 2732 in
1250 2669 1317 2733 exi·

163 2753 207 2817 lio
223 2754 424 2834 decennium,
443 2754 566 2819 audivit
581 2778 690 2843 regem
710 2755 896 2819 Oswaldnm
916 2756 957 2819 de
973 2756 1081 2820 medio
1097 2755 1129 2818 in
1145 2779 1201 2820 ore
1216 2756 1316 2845 gladii

163 2842 335 2920 sublatum,
351 2842 552 2929 fratrumque
568 2844 637 2927 ejus
661 2841 748 2908 Oswi
763 2865 823 2927 pro
839 2866 879 2907 eo
890 2842 923 2906 in
939 2865 1074 2927 regnum
1089 2842 1315 2909 sublimatum:

161 2928 307 3017 initoque
334 2953 407 2994 cum
434 2930 497 2993 suis
525 2930 668 3013 consilio,
695 2930 879 3015 Deyrorum
905 2930 1103 3015 provinciam
1129 2931 1314 3009 revertitur,

161 3016 270 3103 ibique
297 3040 370 3081 cum
397 3040 522 3082 summo
548 3018 671 3082 honore
695 3019 735 3081 ab
764 3017 911 3082 omnibus
938 3018 1128 3103 suscipitur:
1152 3041 1316 3105 parvoque

161 3104 315 3189 temporis
332 3106 513 3183 intervallo,
530 3104 689 3190 principes
712 3104 928 3205 primatesque
943 3104 1035 3191 regni
1058 3105 1141 3169 illius
1157 3128 1317 3172 convene-

162 3205 239 3256 runt
266 3191 298 3255 iu
324 3216 433 3271 unum,
461 3192 759 3279 communicatoque
788 3193 979 3257 unammiter
1006 3193 1148 3271 consilio,
1176 3194 1316 3259 Beatum

166 3279 330 3343 Oswinum
352 3280 548 3345 haereditarii
567 3280 648 3365 juris
671 3280 870 3345 successione
892 3280 1076 3366 Deyrorum
1100 3280 1266 3349 dominum
1281 3282 1314 3347 in

161 3388 271 3449 regem
302 3368 519 3446 sublimantes,
551 3368 641 3452 regia
669 3369 811 3453 purpuria
839 3381 1046 3433 ornaverunt.
1095 3368 1174 3432 Erat
1204 3383 1315 3434 autem

166 3454 301 3517 Sanctus
325 3454 483 3532 Oswinus,
501 3468 537 3519 ut
560 3457 660 3519 refert
679 3456 880 3520 Venerabilis
907 3456 1009 3520 Baeda
1031 3454 1199 3541 presbiter,
1217 3470 1250 3520 et
1265 3480 1313 3521 as-

161 3553 257 3623 pectu
275 3556 439 3620 venustus,
457 3555 490 3606 ct
506 3543 628 3606 staturi
643 3543 796 3622 sublimis,
814 3546 846 3607 et
861 3544 960 3607 affatu
978 3542 1157 3628 jocundus,
1168 3557 1201 3608 et
1216 3544 1314 3609 mori-

160 3627 220 3691 bus
244 3627 355 3706 civilis,
373 3642 407 3692 et
422 3651 518 3692 manu
540 3629 686 3693 omnibus
706 3630 867 3694 nobilibus
887 3630 981 3694 simul
1001 3643 1098 3717 atque
1119 3629 1312 3715 ignobilibus

160 3715 278 3800 largus.
321 3716 400 3780 Erat
410 3715 494 3780 enim
510 3716 668 3801 piissimus
685 3731 717 3782 et
727 3720 814 3782 omni
826 3717 985 3784 suavitate
998 3719 1197 3802 conspicuus,
1212 3731 1310 3807 atque

159 3802 205 3867 ita
220 3802 304 3868 inter
319 3804 433 3868 divites
449 3818 481 3869 et
496 3827 654 3890 pauperes
666 3805 801 3883 medius,
820 3819 855 3869 ut
871 3827 1027 3890 pauperes
1043 3805 1131 3870 illum
1148 3808 1239 3893 qnasi
1254 3829 1311 3892 pa·

159 3912 229 3953 rem
243 3889 422 3976 aspicerent
435 3916 444 3967 3
461 3890 576 3956 divites
592 3916 670 3957 vero
685 3891 775 3980 quasi
792 3892 990 3979 superiorem
1009 3892 1070 3956 sibi
1085 3892 1218 3957 divitem
1233 3897 1310 3959 esti·

158 3990 295 4043 marent.
343 3981 489 4065 Corpore
515 3980 651 4065 integer,
679 3980 808 4064 ingenio
832 3982 982 4066 optimus,
1005 3980 1137 4045 consilio
1159 4004 1306 4067 magnus,

160 4087 258 4149 opere
286 4080 424 4131 sauctus.
475 4067 572 4133 Unde
596 4068 741 4152 contigit,
759 4081 796 4132 ut
814 4069 856 4133 ob
876 4068 995 4152 regiam
1016 4068 1085 4152 ejus
1104 4081 1137 4132 et
1157 4068 1255 4133 animi
1273 4084 1308 4135 et

159 4152 266 4216 vultits
288 4154 538 4242 meritorumque
554 4154 743 4239 dignitatem
758 4156 798 4219 ab
822 4154 968 4221 omnibus
983 4154 1182 4241 diligeretur,
1199 4169 1233 4221 et
1248 4179 1308 4222 un·

159 4238 257 4327 dique
272 4239 314 4305 ad
329 4244 397 4326 ejus
412 4242 622 4309 ministerium
638 4242 679 4307 de
703 4242 882 4331 longinquis
898 4266 1026 4331 quoque
1047 4242 1229 4328 provinciis,
1248 4243 1307 4312 viri

158 4326 257 4392 etiam
284 4328 469 4393 nobilissimi
496 4345 743 4395 concurrerent:
775 4354 972 4417 summaeque
999 4330 1105 4395 cultor
1130 4330 1304 4415 religionis,
1333 4327 1338 4334 ”

133 4458 136 4467 ,
157 4414 331 4499 provinciae
355 4415 539 4502 Deyrorum
563 4434 686 4503 septem
708 4418 797 4484 annis
820 4418 853 4483 iu
873 4418 1016 4484 maxima
1034 4441 1142 4484 rerum
1164 4417 1306 4488 omnium

157 4501 330 4582 affluentil,
348 4503 464 4590 etipse
480 4504 622 4571 amabilis
638 4505 786 4656 omnibps
808 4505 949 4593 presunt.
996 4504 1068 4572 Nec
1083 4528 1190 4573 rerum
1206 4519 1307 4575 terre·

701 4615 720 4658 1
